<?xml version="1.0" encoding="UTF-8"?>
<!DOCTYPE html PUBLIC "-//W3C//DTD XHTML 1.0 Transitional//EN"
    "http://www.w3.org/TR/xhtml1/DTD/xhtml1-transitional.dtd">
<html xmlns="http://www.w3.org/1999/xhtml" xml:lang="en" lang="en">
 <head>
  <title>
</title>
<meta http-equiv="Content-Type" content="text/html;charset=utf-8" />
  <meta name='ocr-system' content='tesseract 3.04.00' />
  <meta name='ocr-capabilities' content='ocr_page ocr_carea ocr_par ocr_line ocrx_word'/>
</head>
<body>
  <div class='ocr_page' id='page_1' title='image "./latinhymnsanglo01stevgoog_0122.png"; bbox 0 0 2896 4844; ppageno 0'>
   <div class='ocr_carea' id='block_1_1' title="bbox 456 418 1210 485">
    <p class='ocr_par' dir='ltr' id='par_1_1' title="bbox 456 418 1210 485">
     <span class='ocr_line' id='line_1_1' title="bbox 456 418 1210 485; baseline -0.008 0"><span class='ocrx_word' id='word_1_1' title='bbox 456 441 702 485; x_wconf 67' lang='lat' dir='ltr'><strong>Aucto-simu</strong></span> <span class='ocrx_word' id='word_1_2' title='bbox 728 439 955 483; x_wconf 71' lang='lat' dir='ltr'><strong>uuussffluu.</strong></span> <span class='ocrx_word' id='word_1_3' title='bbox 1167 418 1210 480; x_wconf 88' lang='grc'><strong>99</strong></span> 
     </span>
    </p>
   </div>
   <div class='ocr_carea' id='block_1_2' title="bbox 420 593 935 910">
    <p class='ocr_par' dir='ltr' id='par_1_2' title="bbox 421 593 935 825">
     <span class='ocr_line' id='line_1_2' title="bbox 462 593 935 658; baseline -0.002 -14"><span class='ocrx_word' id='word_1_4' title='bbox 462 599 531 645; x_wconf 85' lang='lat' dir='ltr'><strong>criste</strong></span> <span class='ocrx_word' id='word_1_5' title='bbox 618 597 677 643; x_wconf 81' lang='lat' dir='ltr'>bena</span> <span class='ocrx_word' id='word_1_6' title='bbox 733 593 935 658; x_wconf 67' lang='lat' dir='ltr'><strong>Psgecpemostan</strong></span> 
     </span>
     <span class='ocr_line' id='line_1_3' title="bbox 421 659 929 744; baseline -0.004 -20"><span class='ocrx_word' id='word_1_7' title='bbox 421 661 550 725; x_wconf 86' lang='lat' dir='ltr'><strong>Christo</strong></span> <span class='ocrx_word' id='word_1_8' title='bbox 574 681 707 744; x_wconf 86' lang='lat' dir='ltr'><strong>precum</strong></span> <span class='ocrx_word' id='word_1_9' title='bbox 732 659 929 742; x_wconf 83' lang='lat' dir='ltr'><strong>gratissimas</strong></span> 
     </span>
     <span class='ocr_line' id='line_1_4' title="bbox 439 761 871 825; baseline -0.005 -15"><span class='ocrx_word' id='word_1_10' title='bbox 439 763 487 810; x_wconf 90' lang='lat' dir='ltr'><strong>mid</strong></span> <span class='ocrx_word' id='word_1_11' title='bbox 499 765 529 825; x_wconf 64' lang='grc' dir='ltr'><strong>βᾶ</strong></span> <span class='ocrx_word' id='word_1_12' title='bbox 620 761 680 824; x_wconf 80' lang='lat' dir='ltr'><strong>glaed</strong></span> <span class='ocrx_word' id='word_1_13' title='bbox 782 761 871 809; x_wconf 74' lang='lat' dir='ltr'><strong>leohtra</strong></span> 
     </span>
    </p>

    <p class='ocr_par' dir='ltr' id='par_1_3' title="bbox 420 825 917 910">
     <span class='ocr_line' id='line_1_5' title="bbox 420 825 917 910; baseline -0.014 -16"><span class='ocrx_word' id='word_1_14' title='bbox 420 828 551 894; x_wconf 83' lang='lat' dir='ltr'><strong>Quibus</strong></span> <span class='ocrx_word' id='word_1_15' title='bbox 578 825 721 910; x_wconf 84' lang='lat' dir='ltr'><strong>placatus</strong></span> <span class='ocrx_word' id='word_1_16' title='bbox 746 825 917 888; x_wconf 85' lang='lat' dir='ltr'><strong>criminum</strong></span> 
     </span>
    </p>
   </div>
   <div class='ocr_carea' id='block_1_3' title="bbox 417 927 837 1056">
    <p class='ocr_par' dir='ltr' id='par_1_4' title="bbox 417 927 837 1056">
     <span class='ocr_line' id='line_1_6' title="bbox 417 927 804 990; baseline -0.005 -14"><span class='ocrx_word' id='word_1_17' title='bbox 417 929 447 976; x_wconf 86' lang='lat' dir='ltr'><strong>he</strong></span> <span class='ocrx_word' id='word_1_18' title='bbox 459 929 533 990; x_wconf 80' lang='lat' dir='ltr'><strong>tolyso</strong></span> <span class='ocrx_word' id='word_1_19' title='bbox 560 934 681 990; x_wconf 81' lang='lat' dir='ltr'><strong>racentega</strong></span> <span class='ocrx_word' id='word_1_20' title='bbox 740 927 804 974; x_wconf 79' lang='lat' dir='ltr'><strong>isone</strong></span> 
     </span>
     <span class='ocr_line' id='line_1_7' title="bbox 422 991 837 1056; baseline 0 -2"><span class='ocrx_word' id='word_1_21' title='bbox 422 992 534 1056; x_wconf 88' lang='lat' dir='ltr'><strong>Solvat</strong></span> <span class='ocrx_word' id='word_1_22' title='bbox 559 1002 686 1055; x_wconf 84' lang='lat' dir='ltr'><strong>catenas</strong></span> <span class='ocrx_word' id='word_1_23' title='bbox 709 991 837 1054; x_wconf 84' lang='lat' dir='ltr'><strong>ferreas.</strong></span> 
     </span>
    </p>
   </div>
   <div class='ocr_carea' id='block_1_4' title="bbox 462 1092 1010 1240">
    <p class='ocr_par' dir='ltr' id='par_1_5' title="bbox 462 1092 1010 1240">
     <span class='ocr_line' id='line_1_8' title="bbox 468 1092 977 1155; baseline 0 -15"><span class='ocrx_word' id='word_1_24' title='bbox 468 1093 527 1155; x_wconf 62' lang='lat' dir='ltr'><strong>burh</strong></span> <span class='ocrx_word' id='word_1_25' title='bbox 577 1095 607 1154; x_wconf 67' lang='lat' dir='ltr'><strong>pa</strong></span> <span class='ocrx_word' id='word_1_26' title='bbox 682 1092 802 1155; x_wconf 76' lang='lat' dir='ltr'><strong>aengliscra</strong></span> <span class='ocrx_word' id='word_1_27' title='bbox 877 1100 977 1153; x_wconf 75' lang='lat' dir='ltr'><strong>gemaeru</strong></span> 
     </span>
     <span class='ocr_line' id='line_1_9' title="bbox 462 1156 1010 1240; baseline -0.002 -21"><span class='ocrx_word' id='word_1_28' title='bbox 462 1157 525 1219; x_wconf 85' lang='lat' dir='ltr'><strong>Per</strong></span> <span class='ocrx_word' id='word_1_29' title='bbox 552 1180 630 1240; x_wconf 86' lang='lat' dir='ltr'><strong>quas</strong></span> <span class='ocrx_word' id='word_1_30' title='bbox 654 1156 839 1239; x_wconf 84' lang='lat' dir='ltr'><strong>Anglorum</strong></span> <span class='ocrx_word' id='word_1_31' title='bbox 865 1157 1010 1218; x_wconf 82' lang='lat' dir='ltr'><strong>terminis</strong></span> 
     </span>
    </p>
   </div>
   <div class='ocr_carea' id='block_1_5' title="bbox 420 1260 762 1406">
    <p class='ocr_par' dir='ltr' id='par_1_6' title="bbox 420 1260 762 1406">
     <span class='ocr_line' id='line_1_10' title="bbox 449 1260 762 1321; baseline -0.006 -15"><span class='ocrx_word' id='word_1_32' title='bbox 449 1260 603 1321; x_wconf 63' lang='lat' dir='ltr'><strong>*lgelsbunge</strong></span> <span class='ocrx_word' id='word_1_33' title='bbox 652 1261 762 1306; x_wconf 79' lang='lat' dir='ltr'><strong>beamum</strong></span> 
     </span>
     <span class='ocr_line' id='line_1_11' title="bbox 420 1321 745 1406; baseline -0.009 -20"><span class='ocrx_word' id='word_1_34' title='bbox 420 1323 642 1406; x_wconf 86' lang='lat' dir='ltr'><strong>Ecclesiaeque</strong></span> <span class='ocrx_word' id='word_1_35' title='bbox 669 1321 745 1383; x_wconf 91' lang='lat' dir='ltr'><strong>filiis</strong></span> 
     </span>
    </p>
   </div>
   <div class='ocr_carea' id='block_1_6' title="bbox 421 1423 790 1572">
    <p class='ocr_par' dir='ltr' id='par_1_7' title="bbox 421 1423 790 1572">
     <span class='ocr_line' id='line_1_12' title="bbox 436 1423 790 1487; baseline -0.008 -14"><span class='ocrx_word' id='word_1_36' title='bbox 436 1441 452 1487; x_wconf 66' lang='grc' dir='ltr'>Ἰ</span> <span class='ocrx_word' id='word_1_37' title='bbox 525 1427 614 1487; x_wconf 70' lang='lat' dir='ltr'>maegpe</span> <span class='ocrx_word' id='word_1_38' title='bbox 658 1423 790 1486; x_wconf 81' lang='lat' dir='ltr'><strong>geleaflease</strong></span> 
     </span>
     <span class='ocr_line' id='line_1_13' title="bbox 421 1487 789 1572; baseline -0.008 -20"><span class='ocrx_word' id='word_1_39' title='bbox 421 1489 467 1552; x_wconf 84' lang='lat' dir='ltr'><strong>Et</strong></span> <span class='ocrx_word' id='word_1_40' title='bbox 493 1489 641 1551; x_wconf 87' lang='lat' dir='ltr'><strong>nationes</strong></span> <span class='ocrx_word' id='word_1_41' title='bbox 667 1487 789 1572; x_wconf 88' lang='lat' dir='ltr'><strong>perfide</strong></span> 
     </span>
    </p>
   </div>
   <div class='ocr_carea' id='block_1_7' title="bbox 422 1587 907 1738">
    <p class='ocr_par' dir='ltr' id='par_1_8' title="bbox 422 1587 907 1738">
     <span class='ocr_line' id='line_1_14' title="bbox 466 1587 907 1653; baseline -0.005 -15"><span class='ocrx_word' id='word_1_42' title='bbox 466 1590 564 1653; x_wconf 72' lang='lat' dir='ltr'><strong>*jcpyld</strong></span> <span class='ocrx_word' id='word_1_43' title='bbox 636 1591 727 1650; x_wconf 78' lang='lat' dir='ltr'><strong>abugan</strong></span> <span class='ocrx_word' id='word_1_44' title='bbox 753 1587 907 1650; x_wconf 81' lang='lat' dir='ltr'><strong>derigendlioe</strong></span> 
     </span>
     <span class='ocr_line' id='line_1_15' title="bbox 422 1653 890 1738; baseline 0 -22"><span class='ocrx_word' id='word_1_45' title='bbox 422 1654 599 1738; x_wconf 85' lang='lat' dir='ltr'><strong>Pestesque</strong></span> <span class='ocrx_word' id='word_1_46' title='bbox 628 1653 744 1715; x_wconf 84' lang='lat' dir='ltr'><strong>cedant</strong></span> <span class='ocrx_word' id='word_1_47' title='bbox 770 1653 890 1716; x_wconf 86' lang='lat' dir='ltr'><strong>noxiae.</strong></span> 
     </span>
    </p>
   </div>
   <div class='ocr_carea' id='block_1_8' title="bbox 461 1753 940 1902">
    <p class='ocr_par' dir='ltr' id='par_1_9' title="bbox 461 1753 940 1902">
     <span class='ocr_line' id='line_1_16' title="bbox 461 1753 940 1817; baseline 0 -15"><span class='ocrx_word' id='word_1_48' title='bbox 461 1755 520 1817; x_wconf 62' lang='lat' dir='ltr'><strong>burh</strong></span> <span class='ocrx_word' id='word_1_49' title='bbox 554 1757 583 1812; x_wconf 70' lang='lat' dir='ltr'><strong>be</strong></span> <span class='ocrx_word' id='word_1_50' title='bbox 610 1755 708 1803; x_wconf 80' lang='lat' dir='ltr'><strong>dfoeder</strong></span> <span class='ocrx_word' id='word_1_51' title='bbox 739 1753 791 1801; x_wconf 88' lang='lat' dir='ltr'><strong>hiht</strong></span> <span class='ocrx_word' id='word_1_52' title='bbox 813 1755 940 1802; x_wconf 82' lang='lat' dir='ltr'><strong>ancaenned</strong></span> 
     </span>
     <span class='ocr_line' id='line_1_17' title="bbox 464 1819 926 1902; baseline -0.004 -20"><span class='ocrx_word' id='word_1_53' title='bbox 464 1821 527 1882; x_wconf 86' lang='lat' dir='ltr'><strong>Per</strong></span> <span class='ocrx_word' id='word_1_54' title='bbox 554 1831 586 1882; x_wconf 88' lang='lat' dir='ltr'><strong>te</strong></span> <span class='ocrx_word' id='word_1_55' title='bbox 611 1819 707 1881; x_wconf 86' lang='lat' dir='ltr'><strong>Pater</strong></span> <span class='ocrx_word' id='word_1_56' title='bbox 731 1840 803 1902; x_wconf 89' lang='lat' dir='ltr'><strong>spes</strong></span> <span class='ocrx_word' id='word_1_57' title='bbox 829 1819 926 1881; x_wconf 88' lang='lat' dir='ltr'><strong>unica</strong></span> 
     </span>
    </p>
   </div>
   <div class='ocr_carea' id='block_1_9' title="bbox 421 1920 901 2068">
    <p class='ocr_par' dir='ltr' id='par_1_10' title="bbox 421 1920 901 2068">
     <span class='ocr_line' id='line_1_18' title="bbox 424 1920 901 1982; baseline -0.002 -15"><span class='ocrx_word' id='word_1_58' title='bbox 424 1921 484 1982; x_wconf 70' lang='lat' dir='ltr'><strong>purh</strong></span> <span class='ocrx_word' id='word_1_59' title='bbox 513 1923 541 1981; x_wconf 72' lang='lat' dir='ltr'><strong>lie</strong></span> <span class='ocrx_word' id='word_1_60' title='bbox 584 1922 655 1969; x_wconf 80' lang='lat' dir='ltr'>bearn</span> <span class='ocrx_word' id='word_1_61' title='bbox 720 1920 756 1967; x_wconf 85' lang='lat' dir='ltr'><strong>sib</strong></span> <span class='ocrx_word' id='word_1_62' title='bbox 782 1920 901 1967; x_wconf 78' lang='lat' dir='ltr'><strong>ancenned</strong></span> 
     </span>
     <span class='ocr_line' id='line_1_19' title="bbox 421 1983 897 2068; baseline -0.006 -21"><span class='ocrx_word' id='word_1_63' title='bbox 421 1986 485 2047; x_wconf 88' lang='lat' dir='ltr'><strong>Per</strong></span> <span class='ocrx_word' id='word_1_64' title='bbox 512 1995 544 2047; x_wconf 86' lang='lat' dir='ltr'><strong>te</strong></span> <span class='ocrx_word' id='word_1_65' title='bbox 568 1984 681 2047; x_wconf 85' lang='lat' dir='ltr'><strong>Proles</strong></span> <span class='ocrx_word' id='word_1_66' title='bbox 707 2007 773 2068; x_wconf 85' lang='lat' dir='ltr'><strong>pax</strong></span> <span class='ocrx_word' id='word_1_67' title='bbox 799 1983 897 2045; x_wconf 88' lang='lat' dir='ltr'><strong>unica</strong></span> 
     </span>
    </p>
   </div>
   <div class='ocr_carea' id='block_1_10' title="bbox 420 2085 855 2232">
    <p class='ocr_par' dir='ltr' id='par_1_11' title="bbox 420 2085 855 2232">
     <span class='ocr_line' id='line_1_20' title="bbox 431 2085 855 2148; baseline -0.005 -16"><span class='ocrx_word' id='word_1_68' title='bbox 431 2099 447 2145; x_wconf 66' lang='grc' dir='ltr'>Ἰ</span> <span class='ocrx_word' id='word_1_69' title='bbox 541 2093 593 2148; x_wconf 84' lang='lat' dir='ltr'><strong>gast</strong></span> <span class='ocrx_word' id='word_1_70' title='bbox 657 2085 855 2131; x_wconf 83' lang='lat' dir='ltr'><strong>leohtancaenned</strong></span> 
     </span>
     <span class='ocr_line' id='line_1_21' title="bbox 420 2147 840 2232; baseline -0.005 -22"><span class='ocrx_word' id='word_1_71' title='bbox 420 2148 466 2210; x_wconf 85' lang='lat' dir='ltr'><strong>Et</strong></span> <span class='ocrx_word' id='word_1_72' title='bbox 493 2148 635 2232; x_wconf 86' lang='lat' dir='ltr'>Spiritus</span> <span class='ocrx_word' id='word_1_73' title='bbox 659 2147 720 2209; x_wconf 87' lang='lat' dir='ltr'><strong>lux</strong></span> <span class='ocrx_word' id='word_1_74' title='bbox 745 2147 840 2208; x_wconf 85' lang='lat' dir='ltr'><strong>unica</strong></span> 
     </span>
    </p>
   </div>
   <div class='ocr_carea' id='block_1_11' title="bbox 423 2251 840 2377">
    <p class='ocr_par' dir='ltr' id='par_1_12' title="bbox 423 2251 840 2377">
     <span class='ocr_line' id='line_1_22' title="bbox 435 2251 823 2312; baseline -0.005 -14"><span class='ocrx_word' id='word_1_75' title='bbox 435 2259 468 2298; x_wconf 79' lang='lat' dir='ltr'><strong>aet</strong></span> <span class='ocrx_word' id='word_1_76' title='bbox 484 2266 512 2311; x_wconf 82' lang='lat' dir='ltr'><strong>sy</strong></span> <span class='ocrx_word' id='word_1_77' title='bbox 577 2266 605 2298; x_wconf 83' lang='lat' dir='ltr'><strong>us</strong></span> <span class='ocrx_word' id='word_1_78' title='bbox 666 2267 696 2297; x_wconf 92' lang='lat' dir='ltr'><strong>on</strong></span> <span class='ocrx_word' id='word_1_79' title='bbox 729 2251 823 2312; x_wconf 85' lang='lat' dir='ltr'><strong>porulde</strong></span> 
     </span>
     <span class='ocr_line' id='line_1_23' title="bbox 423 2313 840 2377; baseline -0.002 -1"><span class='ocrx_word' id='word_1_80' title='bbox 423 2314 521 2377; x_wconf 84' lang='lat' dir='ltr'><strong>Adsit</strong></span> <span class='ocrx_word' id='word_1_81' title='bbox 545 2314 640 2377; x_wconf 85' lang='lat' dir='ltr'><strong>nobis</strong></span> <span class='ocrx_word' id='word_1_82' title='bbox 666 2314 699 2376; x_wconf 89' lang='lat' dir='ltr'><strong>in</strong></span> <span class='ocrx_word' id='word_1_83' title='bbox 724 2313 840 2376; x_wconf 87' lang='lat' dir='ltr'><strong>secula.</strong></span> 
     </span>
    </p>
   </div>
   <div class='ocr_carea' id='block_1_12' title="bbox 779 2416 897 2478">
    <p class='ocr_par' dir='ltr' id='par_1_13' title="bbox 779 2416 897 2478">
     <span class='ocr_line' id='line_1_24' title="bbox 779 2416 897 2478; baseline -0.008 0"><span class='ocrx_word' id='word_1_84' title='bbox 779 2416 897 2478; x_wconf 86' lang='lat' dir='ltr'><strong>Amen.</strong></span> 
     </span>
    </p>
   </div>
   <div class='ocr_carea' id='block_1_13' title="bbox 301 2645 1125 2711">
    <p class='ocr_par' dir='ltr' id='par_1_14' title="bbox 301 2645 1125 2711">
     <span class='ocr_line' id='line_1_25' title="bbox 301 2645 1125 2711; baseline -0.004 -1"><span class='ocrx_word' id='word_1_85' title='bbox 301 2647 470 2711; x_wconf 86' lang='lat' dir='ltr'><strong>YMNUS</strong></span> <span class='ocrx_word' id='word_1_86' title='bbox 503 2648 566 2710; x_wconf 90' lang='lat' dir='ltr'><strong>DE</strong></span> <span class='ocrx_word' id='word_1_87' title='bbox 600 2647 785 2711; x_wconf 85' lang='lat' dir='ltr'><strong>SANCTO</strong></span> <span class='ocrx_word' id='word_1_88' title='bbox 818 2645 1125 2710; x_wconf 86' lang='lat' dir='ltr'><strong>AUGUSTINO.¹</strong></span> 
     </span>
    </p>
   </div>
   <div class='ocr_carea' id='block_1_14' title="bbox 267 2819 908 3919">
    <p class='ocr_par' dir='ltr' id='par_1_15' title="bbox 420 2819 900 3208">
     <span class='ocr_line' id='line_1_26' title="bbox 462 2819 891 2884; baseline -0.002 -1"><span class='ocrx_word' id='word_1_89' title='bbox 462 2819 642 2884; x_wconf 77' lang='lat' dir='ltr'><strong>Caelestis²</strong></span> <span class='ocrx_word' id='word_1_90' title='bbox 665 2821 738 2882; x_wconf 88' lang='lat' dir='ltr'><strong>aule</strong></span> <span class='ocrx_word' id='word_1_91' title='bbox 766 2820 891 2883; x_wconf 89' lang='lat' dir='ltr'><strong>nobiles</strong></span> 
     </span>
     <span class='ocr_line' id='line_1_27' title="bbox 420 2922 893 3007; baseline -0.006 -21"><span class='ocrx_word' id='word_1_92' title='bbox 420 2923 605 3005; x_wconf 87' lang='lat' dir='ltr'><strong>Mundique</strong></span> <span class='ocrx_word' id='word_1_93' title='bbox 632 2923 713 2985; x_wconf 88' lang='lat' dir='ltr'><strong>recti</strong></span> <span class='ocrx_word' id='word_1_94' title='bbox 738 2922 893 3007; x_wconf 86' lang='lat' dir='ltr'><strong>principis</strong></span> 
     </span>
     <span class='ocr_line' id='line_1_28' title="bbox 421 3023 861 3099; baseline -0.005 -13"><span class='ocrx_word' id='word_1_95' title='bbox 421 3024 633 3099; x_wconf 66' lang='lat' dir='ltr'><strong>Concorditei·</strong></span> <span class='ocrx_word' id='word_1_96' title='bbox 659 3024 767 3087; x_wconf 84' lang='lat' dir='ltr'><strong>ferant</strong></span> <span class='ocrx_word' id='word_1_97' title='bbox 789 3023 861 3086; x_wconf 91' lang='lat' dir='ltr'><strong>Deo</strong></span> 
     </span>
     <span class='ocr_line' id='line_1_29' title="bbox 422 3122 900 3208; baseline -0.004 -22"><span class='ocrx_word' id='word_1_98' title='bbox 422 3124 572 3186; x_wconf 82' lang='lat' dir='ltr'><strong>Laudum</strong></span> <span class='ocrx_word' id='word_1_99' title='bbox 599 3124 734 3208; x_wconf 85' lang='lat' dir='ltr'><strong>trophea</strong></span> <span class='ocrx_word' id='word_1_100' title='bbox 757 3122 900 3206; x_wconf 83' lang='lat' dir='ltr'><strong>precluo.</strong></span> 
     </span>
    </p>

    <p class='ocr_par' dir='ltr' id='par_1_16' title="bbox 463 3224 899 3298">
     <span class='ocr_line' id='line_1_30' title="bbox 463 3224 899 3298; baseline -0.007 -10"><span class='ocrx_word' id='word_1_101' title='bbox 463 3226 532 3298; x_wconf 85' lang='lat' dir='ltr'><strong>Qui</strong></span> <span class='ocrx_word' id='word_1_102' title='bbox 559 3226 703 3289; x_wconf 84' lang='lat' dir='ltr'><strong>maxima</strong></span> <span class='ocrx_word' id='word_1_103' title='bbox 727 3224 899 3289; x_wconf 84' lang='lat' dir='ltr'><strong>clementia</strong></span> 
     </span>
    </p>

    <p class='ocr_par' dir='ltr' id='par_1_17' title="bbox 267 3328 908 3595">
     <span class='ocr_line' id='line_1_31' title="bbox 267 3328 882 3397; baseline -0.011 -2"><span class='ocrx_word' id='word_1_104' title='bbox 267 3332 271 3337; x_wconf 74' lang='grc'><strong>’</strong></span> <span class='ocrx_word' id='word_1_105' title='bbox 370 3392 373 3397; x_wconf 80' lang='grc'>,</span> <span class='ocrx_word' id='word_1_106' title='bbox 422 3328 535 3395; x_wconf 86' lang='lat' dir='ltr'><strong>Genus</strong></span> <span class='ocrx_word' id='word_1_107' title='bbox 560 3328 738 3391; x_wconf 85' lang='lat' dir='ltr'><strong>humanum</strong></span> <span class='ocrx_word' id='word_1_108' title='bbox 762 3338 882 3391; x_wconf 83' lang='lat' dir='ltr'><strong>tartara</strong></span> 
     </span>
     <span class='ocr_line' id='line_1_32' title="bbox 423 3430 833 3523; baseline -0.005 -30"><span class='ocrx_word' id='word_1_109' title='bbox 423 3431 573 3493; x_wconf 81' lang='lat' dir='ltr'><strong>Terendo</strong></span> <span class='ocrx_word' id='word_1_110' title='bbox 598 3431 666 3523; x_wconf 52' lang='lat' dir='ltr'><strong>vito</strong></span> <span class='ocrx_word' id='word_1_111' title='bbox 691 3430 833 3493; x_wconf 85' lang='lat' dir='ltr'><strong>reddidit</strong></span> 
     </span>
     <span class='ocr_line' id='line_1_33' title="bbox 421 3530 908 3595; baseline -0.006 0"><span class='ocrx_word' id='word_1_112' title='bbox 421 3532 468 3595; x_wconf 79' lang='lat' dir='ltr'><strong>Et</strong></span> <span class='ocrx_word' id='word_1_113' title='bbox 490 3543 528 3594; x_wconf 90' lang='lat' dir='ltr'><strong>ut</strong></span> <span class='ocrx_word' id='word_1_114' title='bbox 552 3532 633 3594; x_wconf 85' lang='lat' dir='ltr'><strong>hanc</strong></span> <span class='ocrx_word' id='word_1_115' title='bbox 658 3532 755 3594; x_wconf 88' lang='lat' dir='ltr'><strong>sciret</strong></span> <span class='ocrx_word' id='word_1_116' title='bbox 778 3530 908 3592; x_wconf 82' lang='lat' dir='ltr'><strong>indidit.</strong></span> 
     </span>
    </p>

    <p class='ocr_par' dir='ltr' id='par_1_18' title="bbox 420 3630 895 3919">
     <span class='ocr_line' id='line_1_34' title="bbox 464 3630 895 3717; baseline -0.012 -20"><span class='ocrx_word' id='word_1_117' title='bbox 464 3633 642 3717; x_wconf 88' lang='lat' dir='ltr'><strong>Apostolos</strong></span> <span class='ocrx_word' id='word_1_118' title='bbox 668 3655 742 3695; x_wconf 84' lang='lat' dir='ltr'><strong>nam</strong></span> <span class='ocrx_word' id='word_1_119' title='bbox 769 3630 895 3714; x_wconf 87' lang='lat' dir='ltr'><strong>colligit</strong></span> 
     </span>
     <span class='ocr_line' id='line_1_35' title="bbox 421 3734 881 3818; baseline -0.011 -19"><span class='ocrx_word' id='word_1_120' title='bbox 421 3736 600 3818; x_wconf 83' lang='lat' dir='ltr'><strong>Gregorius</strong></span> <span class='ocrx_word' id='word_1_121' title='bbox 628 3735 666 3797; x_wconf 90' lang='lat' dir='ltr'><strong>de</strong></span> <span class='ocrx_word' id='word_1_122' title='bbox 692 3735 765 3818; x_wconf 92' lang='lat' dir='ltr'><strong>quis</strong></span> <span class='ocrx_word' id='word_1_123' title='bbox 791 3734 881 3795; x_wconf 89' lang='lat' dir='ltr'><strong>venit</strong></span> 
     </span>
     <span class='ocr_line' id='line_1_36' title="bbox 420 3836 876 3919; baseline -0.013 -16"><span class='ocrx_word' id='word_1_124' title='bbox 420 3839 489 3905; x_wconf 83' lang='lat' dir='ltr'><strong>Qui</strong></span> <span class='ocrx_word' id='word_1_125' title='bbox 515 3839 621 3901; x_wconf 93' lang='lat' dir='ltr'><strong>filium</strong></span> <span class='ocrx_word' id='word_1_126' title='bbox 647 3838 704 3900; x_wconf 87' lang='lat' dir='ltr'><strong>dat</strong></span> <span class='ocrx_word' id='word_1_127' title='bbox 726 3836 876 3919; x_wconf 83' lang='lat' dir='ltr'><strong>Anglicis</strong></span> 
     </span>
    </p>
   </div>
   <div class='ocr_carea' id='block_1_15' title="bbox 420 3938 831 4023">
    <p class='ocr_par' dir='ltr' id='par_1_19' title="bbox 420 3938 831 4023">
     <span class='ocr_line' id='line_1_37' title="bbox 420 3938 831 4023; baseline -0.007 -21"><span class='ocrx_word' id='word_1_128' title='bbox 420 3940 646 4023; x_wconf 84' lang='lat' dir='ltr'><strong>Augustinum</strong></span> <span class='ocrx_word' id='word_1_129' title='bbox 670 3938 831 4002; x_wconf 79' lang='lat' dir='ltr'><strong>fanaticis</strong></span> 
     </span>
    </p>
   </div>
   <div class='ocr_carea' id='block_1_16' title="bbox 1094 4040 1207 4047">
    <p class='ocr_par' dir='ltr' id='par_1_20' title="bbox 1094 4040 1207 4047">
     <span class='ocr_line' id='line_1_38' title="bbox 1094 4040 1207 4047; baseline -0.009 0"><span class='ocrx_word' id='word_1_130' title='bbox 1094 4040 1207 4047; x_wconf 79' lang='lat'><em>-——-...</em></span> 
     </span>
    </p>
   </div>
   <div class='ocr_carea' id='block_1_17' title="bbox 241 4055 1159 4209">
    <p class='ocr_par' dir='ltr' id='par_1_21' title="bbox 241 4055 1159 4209">
     <span class='ocr_line' id='line_1_39' title="bbox 241 4055 551 4142; baseline 0 -10"><span class='ocrx_word' id='word_1_131' title='bbox 241 4084 247 4113; x_wconf 93' lang='lat'>¹</span> <span class='ocrx_word' id='word_1_132' title='bbox 266 4084 368 4132; x_wconf 75' lang='lat' dir='ltr'><strong>uariam</strong></span> <span class='ocrx_word' id='word_1_133' title='bbox 380 4055 447 4142; x_wconf 42' lang='lat' dir='ltr'><strong>usq</strong></span> <span class='ocrx_word' id='word_1_134' title='bbox 461 4084 499 4131; x_wconf 78' lang='lat' dir='ltr'><strong>foi.</strong></span> <span class='ocrx_word' id='word_1_135' title='bbox 511 4085 551 4132; x_wconf 76' lang='lat'><strong>29.</strong></span> 
     </span>
     <span class='ocr_line' id='line_1_40' title="bbox 244 4143 1159 4209; baseline -0.008 -12"><span class='ocrx_word' id='word_1_136' title='bbox 244 4149 254 4178; x_wconf 76' lang='lat'><strong><em>²</em></strong></span> <span class='ocrx_word' id='word_1_137' title='bbox 265 4150 322 4196; x_wconf 82' lang='lat' dir='ltr'><strong>This</strong></span> <span class='ocrx_word' id='word_1_138' title='bbox 332 4149 379 4196; x_wconf 82' lang='lat' dir='ltr'><strong>ond</strong></span> <span class='ocrx_word' id='word_1_139' title='bbox 390 4148 430 4194; x_wconf 85' lang='lat' dir='ltr'><strong>tho</strong></span> <span class='ocrx_word' id='word_1_140' title='bbox 442 4156 488 4194; x_wconf 79' lang='lat' dir='ltr'><strong>two</strong></span> <span class='ocrx_word' id='word_1_141' title='bbox 500 4149 617 4209; x_wconf 82' lang='lat' dir='ltr'><strong>following</strong></span> <span class='ocrx_word' id='word_1_142' title='bbox 627 4149 712 4209; x_wconf 89' lang='lat' dir='ltr'><strong>hymns</strong></span> <span class='ocrx_word' id='word_1_143' title='bbox 723 4147 780 4193; x_wconf 82' lang='lat' dir='ltr'>have</span> <span class='ocrx_word' id='word_1_144' title='bbox 792 4162 821 4192; x_wconf 89' lang='lat' dir='ltr'><strong>no</strong></span> <span class='ocrx_word' id='word_1_145' title='bbox 832 4144 892 4206; x_wconf 81' lang='lat' dir='ltr'><strong>gloss</strong></span> <span class='ocrx_word' id='word_1_146' title='bbox 903 4143 927 4190; x_wconf 91' lang='lat' dir='ltr'><strong>in</strong></span> <span class='ocrx_word' id='word_1_147' title='bbox 938 4143 977 4190; x_wconf 85' lang='lat' dir='ltr'><strong>the</strong></span> <span class='ocrx_word' id='word_1_148' title='bbox 990 4143 1092 4190; x_wconf 83' lang='lat' dir='ltr'><strong>Durham</strong></span> <span class='ocrx_word' id='word_1_149' title='bbox 1104 4143 1159 4191; x_wconf 85' lang='lat' dir='ltr'><strong>MS.</strong></span> 
     </span>
    </p>
   </div>
   <div class='ocr_carea' id='block_1_18' title="bbox 0 0 1452 4844">
    <p class='ocr_par' dir='ltr' id='par_1_22' title="bbox 0 0 1452 4844">
     <span class='ocr_line' id='line_1_41' title="bbox 0 0 1452 4844; baseline 0 0"><span class='ocrx_word' id='word_1_150' title='bbox 0 0 1452 4844; x_wconf 95' lang='lat' dir='ltr'><strong> </strong></span> 
     </span>
    </p>
   </div>
  </div>
 </body>
</html>
