2896 4844
282 415 343 481 144
538 442 783 487 nunno-suros
811 443 1040 489 nruumuun.

454 588 609 652 Omnium
636 613 761 673 semper
785 591 901 656 chorus
925 593 1127 678 Angelorum

453 689 494 753 In
516 690 594 774 polo
619 702 709 755 tenet
731 692 894 757 benedicit
918 694 984 758 alto

455 792 570 876 Atque
597 792 708 857 Sancti
732 794 830 857 simul
854 796 997 859 universi

801 896 919 961 Sedule
942 899 1089 965 laudant.

454 997 598 1060 Presulis
621 996 697 1058 ebni
720 998 843 1061 meritis
866 998 1047 1083 Augustini

452 1098 566 1181 Atque
592 1095 729 1158 istorum
754 1098 876 1182 pariter
901 1098 1094 1164 Sanctorum

453 1198 593 1263 Contine
616 1219 753 1284 poenam
778 1200 832 1283 pie
858 1223 955 1287 quam
980 1223 1140 1264 meremur

799 1304 917 1387 Daque
941 1303 1107 1371 medelam.

454 1402 509 1466 Sic
535 1414 624 1467 tuam
647 1415 757 1489 presta
782 1403 942 1490 celebrare
968 1403 1096 1467 leudem

452 1504 611 1568 Flebilem
634 1506 732 1569 vitam
756 1506 925 1570 miseratus
949 1506 1044 1568 istam

451 1604 526 1669 Fiat
552 1617 590 1669 ut
613 1607 707 1670 nobis
733 1607 859 1671 licitum
885 1608 993 1670 videre

798 1709 845 1771 Te
872 1708 941 1773 sine
964 1709 1039 1772 fine.

451 1809 550 1873 Doxe
574 1809 707 1872 sublimi
729 1821 857 1874 maneat
880 1811 1011 1873 Parenti

448 1910 532 1995 Ejus
555 1920 589 1972 et
611 1910 699 1973 Nato
723 1910 909 1994 pariterque
935 1911 1054 1975 Sancto

451 2010 624 2074 Pneumati
648 2011 734 2074 trino
757 2010 900 2077 Domino
927 2022 961 2074 et
985 2034 1051 2074 uno

794 2111 928 2201 Semper
947 2112 982 2177 in
997 2135 1121 2178 aevum.
1160 2115 1280 2178 Auru.

376 2466 543 2533 YMNUS
575 2466 640 2530 DE
671 2466 859 2531 SANCTA
890 2466 1182 2532 TRINITATE.1

468 2652 673 2717 enlstnerpursse
716 2654 835 2717 Pryunyss
873 2653 1026 2717 herigentllice

449 2717 478 2780 0
501 2720 680 2781 venerenda
703 2719 845 2782 Trinitas
871 2719 1032 2782 laudande

468 2822 544 2882 battle
576 2819 717 2882 pelpillende
788 2819 871 2880 puldor
926 2819 1023 2883 puram

449 2885 555 2952 Valde
579 2884 719 2968 benigne
740 2833 908 2969 gloriaque
929 2885 1028 2969 digne

493 3005 535 3039 ure
633 2987 708 3050 gehyr
770 2988 830 3036 bene
920 2987 975 3049 lam
1056 2989 1086 3050 be

447 3056 583 3121 Nostras
609 3052 728 3116 exaudi
751 3074 861 3137 preces
887 3053 1009 3136 quibus
1032 3052 1109 3116 Tibi

808 3168 838 3216 pe
850 3152 932 3216 singull
997 3154 1085 3218 lcssang

792 3216 944 3281 Canimus
967 3240 1111 3300 ymnum.

475 3337 488 3369 e
558 3318 652 3383 pecias
767 3334 783 3379 Ἰ
861 3318 990 3381 pebiddalt

447 3321 495 3447 'l'e
518 3385 702 3447 invocamus
725 3392 824 3465 atque
848 3382 1018 3445 adoramus

477 3488 536 3549 *1pe
595 3481 725 3544 peheryaa
791 3483 892 3544 brynnes
951 3483 1018 3545 eadig

446 3550 561 3633 Teque
583 3547 753 3611 laudamus
776 3546 920 3609 Trinitas
940 3547 1036 3610 beata

460 3651 494 3714 bu
558 3665 586 3696 us
661 3648 712 3710 syle
784 3647 862 3710 scylde
974 3649 1036 3698 calm

445 3717 499 3779 Tu
522 3713 616 3778 nobis
640 3714 724 3777 dona
749 3712 905 3775 scelerum
931 3725 1121 3778 cunctorum

832 3813 988 3875 forgyfenessa

788 3877 1032 3942 Remissionem.

605 4141 611 4170 ¹
629 4139 732 4190 naham
744 4139 806 4199 us,
820 4138 860 4187 m.
872 4139 903 4186 42
915 4139 938 4186 s.
