2896 4844
651 465 828 511 APPENDIX
852 467 896 511 To

530 602 611 666 Dies
633 603 724 667 venit
745 604 815 666 dies
839 615 896 667 tua

490 703 531 767 In
556 727 620 789 qua
645 705 799 769 reflorent
821 705 928 768 omnia

487 805 645 871 Letemur
668 807 703 870 in
727 807 786 872 hac
810 819 849 870 ut
873 818 931 906 ως

487 908 552 971 Per
574 908 657 971 hanc
680 907 808 971 reducti
833 909 959 993 gratiae.

529 1009 577 1071 Te
601 1031 710 1072 rerum
734 1008 926 1072 universitas

486 1109 636 1172 Clemens
661 1108 775 1172 adoret
798 1109 943 1172 Trinitas

485 1213 532 1276 Et
557 1233 616 1273 nos
639 1210 714 1273 novi
738 1233 796 1294 per
817 1212 944 1275 veniam

484 1315 615 1378 Novum
641 1335 792 1375 canamus
816 1313 987 1377 canticum.

919 1415 1036 1479 Amen.

419 1728 541 1791 ¹Salve
565 1708 647 1793 crux
672 1741 782 1794 sancta
807 1731 893 1793 salve
919 1729 1031 1793 mundi
1057 1726 1161 1811 gloria

397 1831 487 1896 Vera
512 1852 584 1915 spes
609 1842 719 1895 nostra
742 1853 817 1894 vera
840 1830 947 1894 ferens
969 1829 1088 1914 gaudia

398 1933 535 2017 Signum
558 1934 671 1997 salutis
696 1932 782 1995 salus
808 1933 842 1994 in
866 1933 1019 2016 periculis

396 2036 509 2101 Vitale
535 2036 661 2119 lignum
683 2034 784 2097 vitam
809 2044 942 2117 portans
968 2033 1124 2100 omnium.

441 2139 489 2202 Te
514 2137 708 2201 adorandam
732 2146 764 2199 te
788 2158 916 2199 crucem
940 2136 1099 2199 vivificam

398 2241 496 2305 Inte
521 2238 682 2322 redempti
707 2237 802 2301 dulce
829 2239 927 2302 decus
950 2238 1052 2302 seculi

397 2343 533 2426 Semper
557 2341 727 2403 laudamus
750 2363 875 2425 semper
902 2342 965 2405 tibi
989 2341 1132 2404 canimus

396 2443 461 2506 Per
486 2441 612 2524 lignum
639 2440 723 2502 servi
748 2463 806 2524 per
834 2452 867 2504 te
891 2442 1018 2526 lignum
1043 2439 1152 2504 liberi.

439 2542 605 2626 Originale
630 2541 750 2604 crimen
775 2565 892 2606 necans
918 2543 953 2606 in
979 2565 1074 2606 cruce

395 2643 466 2706 Nos
492 2655 525 2707 et
548 2666 567 2706 a
591 2643 697 2728 pravis
721 2643 850 2707 Christe
875 2645 996 2708 munda
1020 2643 1156 2707 maculis

396 2742 644 2806 Humanitatem
670 2743 840 2831 miseratus
865 2744 1015 2829 fragilem

396 2844 461 2908 Per
486 2867 613 2907 crucem
639 2854 782 2907 sanctam
807 2844 904 2930 lapsis
927 2847 1013 2910 dona
1038 2847 1174 2910 veniam.

399 2971 401 2975 ’
438 2945 579 3029 Protege
602 2945 689 3009 salva
711 2945 848 3011 benedic
873 2949 1034 3012 sanctifica

398 3045 562 3130 Populum
588 3059 743 3113 cunctum
768 3051 872 3114 crucis
895 3070 953 3132 per
969 3046 1179 3130 signaculum

394 3146 531 3211 Morbos
557 3161 664 3212 averte
691 3150 832 3234 corporis
856 3159 891 3212 et
913 3148 1022 3241 animp

395 3248 469 3313 Hoc
493 3260 605 3312 contra
630 3250 758 3332 signum
781 3249 910 3312 nullum
934 3259 998 3313 stet
1023 3247 1215 3332 periculum.

440 3348 491 3411 sit
513 3350 586 3412 Deo
608 3349 701 3411 Patri
726 3348 797 3411 laus
820 3350 854 3412 in
881 3373 974 3414 cruce
997 3350 1076 3413 Filii

396 3451 447 3515 Sit
473 3447 637 3546 coequalis
661 3447 732 3511 laus
760 3448 878 3512 Sancto
904 3450 1044 3534 Spiritui

396 3551 530 3616 Civibus
555 3550 688 3615 summis
711 3551 868 3636 gaudium
892 3552 934 3615 sit
956 3552 1094 3637 Angelis

394 3656 509 3720 Honor
529 3655 574 3719 sic
595 3656 718 3719 mundo
741 3655 784 3719 sit
803 3655 906 3720 crucis
929 3656 1098 3720 exaltatio.
1143 3658 1262 3723 Arnen.
1346 3650 1350 3657 ¹

539 3945 546 3976 ¹
564 3947 625 3996 Cott.
637 3948 692 3997 MS.
708 3948 778 4008 Vesp.
790 3947 821 3995 D.
833 3947 875 3995 xii·
887 3946 989 3997 s0t117.
