2896 4844
470 487 716 530 nunno-saxon
742 484 968 530 uruuamuu.
1162 462 1221 524 107

390 636 548 701 Pontifex
576 635 702 719 Syxtus
725 635 853 697 monuit
876 634 1059 698 ministrum

392 740 496 803 Fixus
520 740 554 802 in
578 740 667 823 ligno
693 739 796 802 crucis
823 737 994 822 exequeris

302 869 307 877 ’
389 842 449 905 Me
472 842 536 906 cito
560 864 697 926 poenam
723 839 876 924 patiendo
903 861 1050 922 magnam

733 943 801 1006 Ibis
825 942 867 1005 ad
893 952 987 1004 astra.

390 1046 508 1110 Tortor
531 1047 632 1109 iratus
656 1045 741 1129 petit
764 1055 812 1106 ut·
831 1043 945 1106 talenti

389 1149 521 1214 Pondus
547 1148 657 1231 ignoti
678 1147 864 1210 manifestet
891 1169 984 1210 omne

389 1250 504 1313 Mente
530 1272 646 1312 vesana
669 1249 803 1333 cupiens
825 1272 935 1312 vorare

735 1351 845 1413 Aurea
869 1351 968 1414 lucra.

392 1453 523 1537 Sprevit
545 1452 599 1515 hic
625 1453 737 1514 mundi
761 1452 909 1536 peritura
935 1452 1018 1515 dona

392 1555 470 1618 Fert
497 1577 591 1639 opem
617 1554 712 1616 nudis
737 1554 888 1616 alimenta
912 1555 1035 1628 claudis

390 1656 519 1720 Dividit
542 1677 690 1718 nummos
714 1656 839 1718 miseris
862 1656 998 1719 catervis

734 1757 838 1821 Corde
865 1759 1025 1842 flagranti.
1050 1750 1053 1755 ¹

390 1862 471 1945 Igne
498 1871 671 1946 torquetur
696 1859 805 1923 stabili
832 1870 943 1923 tenore

393 1963 506 2028 Cordis
529 1984 680 2026 accensus
705 1972 836 2046 superat
862 1962 1002 2025 minaces

390 2066 520 2150 Ignium
544 2065 687 2127 flammas
713 2063 748 2124 in
772 2084 879 2125 amore
901 2064 969 2161 vite

735 2163 870 2247 Semper
893 2167 1013 2249 opime.

391 2269 508 2332 Uritur
531 2279 606 2353 post
630 2268 690 2369 ¹¹9⁰
716 2267 802 2330 latus
826 2290 920 2329 omne
945 2265 1037 2329 testis

392 2371 493 2435 Verte
517 2370 674 2455 praefecto
698 2369 847 2453 loquitur
866 2369 1008 2454 jocunde

393 2473 546 2558 Corporis
569 2483 694 2557 partem
720 2472 870 2535 laniando
896 2482 1018 2535 coctam

734 2574 900 2637 Dentibus
924 2573 1012 2636 atris.

391 2677 552 2761 Spiritum
576 2677 714 2760 sumpsit
740 2676 855 2739 chorus
882 2674 1085 2760 Angelorum

392 2779 513 2843 Intulit
539 2779 610 2880 cplo
632 2779 687 2864 pie
713 2775 923 2842 laureandum

393 2879 442 2943 Ut
471 2879 575 2943 scelus
601 2879 691 2942 laxet
716 2879 885 2942 hominum
910 2877 1070 2961 precando

737 2981 1013 3064 Omnipotentem.

393 3086 544 3169 Supplici
566 3096 641 3147 voto
665 3083 842 3166 rogitemus
869 3104 979 3145 omnes

391 3188 509 3250 Sancte
534 3173 691 3249 Laurenti
714 3171 839 3247 veniam
865 3181 1005 3266 preceris

390 3289 460 3356 Qui
487 3299 583 3351 tuum
609 3287 730 3350 festum
754 3285 918 3349 celebrant
942 3283 1065 3369 ubique

735 3389 825 3462 Voce
848 3389 899 3452 vel
924 3399 1009 3456 actu.

392 3494 540 3558 Gloriam
563 3492 654 3557 Patri
678 3514 863 3555 resonemus
887 3513 996 3554 omnes

391 3597 475 3681 Ejus
499 3607 533 3659 et
555 3595 644 3658 Nato
664 3595 845 3679 jubilemus
869 3605 945 3677 apte

392 3699 476 3762 Cum
504 3698 624 3780 quibus
647 3706 761 3779 regnat
784 3695 881 3760 simul
905 3705 938 3756 et
962 3694 1096 3758 Creator

736 3797 878 3882 Spiritus
907 3798 1020 3861 almus.

858 3901 861 3904 ⁴
956 3900 1077 3963 Arnen.
