2896 4844
663 462 849 509 APPnuolx.

515 604 568 667 Tu
590 601 692 686 Regis
715 601 780 664 alta
801 602 904 684 janua

471 705 518 768 Et
541 715 636 790 porta
658 703 741 766 lucis
766 701 893 785 fulgida

471 806 583 870 Vitam
609 805 716 868 datam
738 826 797 888 per
817 801 974 886 virginem

474 908 600 971 Gentes
625 907 803 990 redemptae
829 902 987 989 plaudite.

517 1009 581 1073 Cui
604 1007 731 1071 Christe
757 1017 853 1070 natus
875 1003 1008 1087 virginis

472 1109 519 1173 Es
543 1118 655 1173 auctor
681 1118 715 1171 et
737 1106 894 1170 mirabilis

475 1210 545 1274 Nos
570 1209 673 1294 ipsius
697 1207 858 1292 suffragiis

475 1312 571 1374 Dona
599 1311 746 1395 supernis
770 1310 929 1394 gaudiis..

519 1411 635 1477 Gloria
657 1412 734 1476 Tibi
756 1412 897 1476 Domine

476 1515 544 1582 Qui
572 1523 667 1578 natus
690 1537 723 1577 es
746 1514 785 1577 de
807 1514 955 1598 Virgine.

500 1864 591 1926 ¹Jam
617 1875 667 1926 ter
691 1862 857 1947 quaternis
885 1861 1024 1925 trahitur

479 1964 578 2028 Horis
602 1964 670 2027 dies
693 1965 734 2026 ad
759 1985 923 2048 vesperam

479 2066 604 2128 Occasu
628 2065 677 2128 sol
700 2066 895 2148 pronunciat

479 2169 596 2232 Noctis
622 2168 728 2231 redire
755 2178 911 2252 tempora.

523 2270 593 2334 Nos
617 2292 695 2353 ergo
719 2270 814 2353 signo
836 2269 971 2332 Domini

480 2372 640 2434 Tutemur
663 2371 841 2434 claustrum
865 2371 1004 2453 pectoris

482 2472 534 2535 Ne
560 2493 690 2555 serpens
714 2469 770 2533 ille
797 2469 932 2534 callidus

481 2571 630 2636 Intrandi
656 2581 761 2635 tentet
786 2571 903 2636 aditus.

525 2673 591 2737 Sed
614 2673 710 2736 armis
736 2672 895 2756 pudicitie

482 2776 580 2839 Mens
603 2774 690 2838 fulta
712 2775 791 2859 vigil
816 2775 919 2839 libere

483 2876 669 2940 Sobrietate
696 2876 814 2940 comite

482 2978 622 3042 Hostem
645 2977 782 3062 repellat
805 2978 1001 3062 improbum.

530 3077 595 3142 Sed
618 3102 678 3143 nec
703 3079 850 3143 ciborum
874 3079 1005 3163 crapula

485 3181 630 3244 Tandem
653 3179 816 3243 distendat
839 3202 973 3265 corpora

483 3283 536 3344 Ne
559 3281 591 3343 vi
617 3303 675 3364 per
698 3303 868 3364 sompnum
894 3281 1032 3344 animam

484 3381 700 3444 Ludificatam
722 3380 858 3465 polluat.

301 3625 308 3654 ¹
326 3625 386 3674 cort.
399 3624 452 3672 MS.
462 3624 532 3685 Vesp.
540 3624 570 3671 D.
578 3624 619 3673 xii.
627 3624 718 3671 sol-122
726 3625 749 3673 b.
786 3624 850 3686 body
866 3623 891 3670 of
899 3624 939 3671 the
954 3627 1102 3687 manuscript,
1111 3629 1158 3675 and
1169 3629 1268 3676 without

272 3689 377 3740 Writtcn
395 3690 427 3751 by
445 3704 459 3736 a
480 3688 542 3736 hand
564 3689 622 3735 later
638 3688 696 3737 than
712 3688 751 3735 the
789 3704 837 3750 any
847 3688 898 3736 title
909 3689 1018 3752 prefixed.
