2896 4844
513 446 760 490 ANGLO-SAXON
785 448 1012 494 HYMNARIUM.

513 580 624 645 Flexis
650 583 831 668 poplitibus

517 683 600 747 Cum
626 706 721 775 prece
746 686 909 769 poscimus

515 785 607 848 Assis
624 809 705 870 quo>
720 786 843 871 clipeus

514 887 635 952 Noster
659 890 695 951 in
722 893 872 954 omnibus

685 993 871 1076 Augustine
897 992 1103 1077 [placabilis].

554 1106 710 1175 Exhinc
736 1110 907 1173 subveniat

453 1235 456 1242 ¹
510 1207 619 1291 Digna
644 1211 787 1294 precatio

512 1309 552 1372 In
579 1311 716 1375 sublime
743 1314 808 1377 tuis

511 1412 649 1496 Perpete
674 1416 808 1479 servulis

511 1513 605 1579 Quos
630 1516 755 1579 nutrire
779 1517 889 1580 studes

510 1614 662 1678 Fastibus
688 1619 827 1681 aetheris

682 1719 869 1801 Augustine
893 1719 1069 1803 placabilis.

555 1820 647 1882 Assis
671 1820 721 1906 his
745 1822 885 1885 Genitor

511 1921 625 2007 Atque
651 1934 768 2007 potens
790 1924 882 1986 Deus

512 2025 617 2108 Aptet
641 2025 791 2088 Christus
815 2036 848 2087 et
873 2025 952 2087 haec

511 2128 608 2191 Patre
634 2127 707 2189 Deo
730 2126 822 2188 Deus

514 2231 597 2293 Cum
621 2230 717 2293 Flatu
741 2229 847 2312 patrio

509 2333 587 2399 Quo
613 2332 756 2414 regimur
779 2330 851 2393 Deo

681 2430 867 2512 Augustine
893 2431 1070 2516 placabilis.

988 2534 1105 2596 Amen.

352 2858 520 2924 YMNUS
560 2857 613 2921 IN
651 2855 948 2920 NATIVITATE
985 2856 1158 2920 SANCTI

487 2960 726 3026 JOHANNIS
763 2959 1035 3024 BABTISTAE.1

436 3137 738 3200 baethimagontolaetenfi
784 3150 870 3198 spegan
926 3137 1031 3183 aeddrum

424 3201 471 3263 Ut
497 3212 618 3285 queant
642 3201 727 3262 laxis
753 3222 899 3262 resonare
926 3201 1015 3263 fibris

434 3303 523 3362 pundra
588 3302 655 3348 daeda
748 3303 818 3360 henas
894 3301 960 3361 binre

424 3366 510 3427 Mira
533 3375 699 3447 gestorum
723 3363 837 3425 famuli
863 3374 993 3425 tuorum

444 3467 505 3527 tolys
532 3466 675 3526 besmitenys
688 3465 776 3526 paleres
808 3465 886 3524 scylda

424 3530 519 3593 Solve
544 3528 663 3613 polluti
689 3528 768 3591 labii
792 3538 917 3590 reatum

780 3628 794 3675 6
805 3629 854 3677 eala
865 3629 899 3690 Pu
910 3628 977 3691 halga

770 3693 887 3757 Sancte
910 3694 1083 3757 iohannes,

455 3796 542 3858 bydel²
590 3795 617 3842 of
623 3797 683 3842 hean
726 3796 835 3843 cumende
911 3797 991 3844 rodere

423 3861 573 3924 Nuncius
599 3860 685 3922 celso
711 3859 842 3921 veniens
868 3859 1032 3944 Oiympho

284 4109 290 4138 ¹
309 4108 411 4156 Durham
423 4108 488 4166 MS„
498 4106 536 4153 fol.
549 4107 589 4153 30.
745 4105 900 4218 haiusrcnigoet’
910 4108 918 4132 ⁶
927 4104 1156 4155 Gabrihel.’-Gloss
1166 4106 1191 4153 in
1197 4107 1257 4154 Dur-
