2896 4844
455 433 701 481 sueto-saxou
725 434 953 481 strumarum.
1141 417 1199 482 121

385 589 427 638 bia
441 590 529 639 tumen
549 589 638 651 iissem
708 592 792 639 benum
851 591 958 653 eadigam

367 653 519 717 Curritur
541 654 659 719 horum
684 656 835 740 precibus
859 655 963 720 beatis

370 756 505 803 scinendum
516 756 624 805 heofones
643 757 722 805 bosme
781 756 890 820 gelogode

365 819 505 902 Fulgido
533 821 593 919 celi
620 821 744 904 gremio
770 821 914 884 locemur

725 939 831 971 oneeum
884 923 924 970 life

709 987 850 1071 Perpete
873 987 950 1051 vita.

402 1088 484 1150 puldor
501 1090 561 1149 traete
572 1087 656 1150 halgan
666 1089 787 1136 arfaestlice
799 1091 929 1152 prynnysso

367 1151 514 1215 Gloriam
540 1152 660 1253 Sanetp
683 1153 736 1236 pie
760 1153 915 1216 'trinitati

369 1253 471 1314 moenigu
536 1268 606 1315 spege
698 1252 762 1315 singe
812 1269 828 1316 7
883 1254 962 1316 peales

364 1316 478 1379 Turba
500 1316 660 1399 persultet
685 1327 778 1381 canat
804 1329 838 1380 et
860 1319 1000 1381 resolvet

383 1433 422 1466 seo
455 1418 586 1481 punigende
643 1416 712 1466 rixa&
785 1420 831 1481 god
903 1421 934 1468 tn
974 1420 1094 1469 onaeloere

364 1483 442 1577 Qup
465 1504 598 1545 manens
621 1492 736 1564 regnat
758 1484 851 1547 Deus
876 1507 961 1547 unus
988 1485 1076 1549 omni

773 1585 822 1633 tide
898 1587 994 1648 pomlde

711 1648 868 1733 Tempore
893 1651 998 1716 saecli.

924 1750 1044 1817 Auru.

233 2089 400 2153 YMNUS
433 2089 486 2154 IN
517 2090 711 2156 NATALE
743 2091 916 2155 SANCTI
947 2091 1160 2158 MARTINI

577 2194 820 2258 ΕΡΙὸΟΟΡΙ.1

446 2374 590 2438 Martine
621 2373 786 2438 confessor
808 2373 872 2438 Dei

401 2475 522 2539 Valens
543 2477 653 2560 vigore
678 2477 812 2561 spiritus

405 2578 518 2643 Carnis
544 2579 702 2643 fatescens
728 2580 865 2643 artubus

402 2682 522 2746 Mortis
546 2683 660 2778 futurp
683 2683 838 2765 prescius.

448 2785 517 2851 Qui
544 2809 622 2871 pace
647 2785 768 2848 Christi
796 2784 931 2848 affluens

403 2886 444 2949 In
469 2887 596 2949 unitate
624 2887 767 2971 Spiritus

403 2988 517 3050 Divisa
540 2989 684 3051 membra
710 2988 854 3081 aecclesip

403 3088 480 3151 Paci
505 3089 681 3152 reformans
707 3088 812 3154 unice.

443 3190 553 3256 Quem
579 3190 646 3253 vita
671 3189 736 3254 fert
758 3191 962 3276 probabilem

399 3292 508 3358 Quem
535 3315 621 3354 mors
646 3303 780 3357 cruenta
803 3317 869 3358 non
884 3295 983 3358 'ledet

399 3392 468 3460 Qui
497 3394 571 3456 calli
596 3394 786 3459 diversutias

400 3495 439 3558 In
464 3497 577 3559 mortis
600 3498 680 3561 hora
706 3498 850 3582 derogat.

443 3598 535 3661 Haec
561 3599 655 3682 plebs
678 3599 741 3662 fide
767 3598 1010 3683 promptissima

399 3699 465 3762 Tui
490 3698 555 3761 diei
579 3699 698 3779 gaudia

399 3801 498 3866 Votis
525 3799 604 3863 colit
629 3800 781 3865 fidelibus

400 3903 526 3966 Adesto
549 3902 639 3965 mitis
663 3903 825 3969 omnibus

529 4153 535 4183 ¹
554 4156 658 4205 Durham
670 4157 735 4215 MS„
748 4155 786 4206 fol.
798 4158 838 4205 36.
