2896 4844
408 475 655 521 aucto-saxon
679 474 907 518 esurierunt.
1100 453 1162 515 153

371 614 525 678 Infernus
552 614 614 678 tibi
641 615 748 680 ululat

368 716 569 802 Fretumque
590 711 708 782 Matris
733 718 872 783 intonat.

414 819 515 882 Laeta
538 820 650 902 regina
674 819 847 905 parvulum

369 920 507 985 Aeterni
532 921 634 1004 Regis
657 921 779 985 Filium

369 1023 471 1086 Laeta
494 1033 617 1087 sacrato
643 1023 744 1088 ubere

368 1124 437 1191 Qui
464 1137 496 1188 te
522 1126 679 1189 concessit
702 1126 821 1191 vivere.

413 1225 466 1288 Tu
493 1224 578 1288 clara
602 1227 702 1309 stirpe
726 1227 815 1310 regia

368 1329 389 1391 J
391 1351 515 1412 ureque
541 1328 656 1391 mundi
681 1328 811 1391 domina

367 1431 593 1494 Desideratum
619 1429 769 1493 omnibus

368 1532 420 1595 Tu
446 1531 615 1616 protulisti
642 1532 806 1615 gentibus.

412 1633 442 1696 O
467 1633 560 1696 stella
582 1632 679 1695 maris
704 1632 832 1717 fulgida

367 1735 511 1801 Absolve
537 1730 643 1818 plebis
668 1730 802 1799 crimina

367 1839 479 1903 Fletus
506 1859 639 1921 quoque
665 1838 906 1923 supplicantum

365 1942 407 2005 In
428 1939 585 2003 mutando
610 1939 776 2023 gaudium.

410 2041 499 2105 Laus
522 2040 613 2104 Patri
638 2040 794 2104 invisibili

366 2146 453 2209 Laus
478 2144 549 2226 ejus
572 2140 656 2204 almo
679 2143 819 2207 Flamini

365 2248 453 2312 Laus
478 2244 521 2307 sit
547 2241 727 2326 Unigenito

366 2350 464 2414 Orbis
487 2357 645 2411 terrarum
670 2347 823 2413 Domino.
883 2350 1000 2414 Amen.

233 2665 402 2732 YMNUS
434 2663 500 2728 AD
532 2663 722 2728 PASCHA
752 2663 819 2728 AD
851 2663 1072 2729 PRIMAM.1

406 2840 561 2904 Telucis
588 2852 701 2905 auctor
726 2853 902 2925 personent

362 2940 474 3025 Hujus
498 2953 622 3005 caterve
647 2942 786 3005 carmina

361 3043 470 3109 Quam
496 3053 534 3106 tu
556 3044 689 3128 replesti
712 3045 816 3128 gratia

361 3144 530 3207 Anastasis
555 3145 713 3228 potentia.

405 3245 511 3308 Nobis
537 3246 606 3309 dies
628 3246 690 3310 hec
713 3247 824 3312 innuit

360 3347 457 3412 Diem
483 3370 670 3433 supremum
694 3349 807 3413 sistere

361 3449 438 3516 Quo
462 3461 608 3513 mortuos
631 3472 798 3534 resurgere

359 3552 508 3644 Vittgque
531 3552 581 3615 fas
605 3552 648 3615 sit
670 3552 815 3618 reddere.

403 3653 525 3716 Octava
548 3652 653 3735 prima
675 3652 822 3715 redditur

358 3752 448 3817 Dum
472 3773 558 3814 mors
584 3752 625 3814 ab
653 3752 740 3815 unda
767 3753 894 3819 tollitur

253 3903 255 3907 -
359 3856 450 3919 Dum
471 3862 580 3917 mente
606 3853 868 3919 circumcidimur

358 3957 511 4042 Novique
539 3956 671 4019 demum
695 3957 866 4030 nascimur.

429 4174 436 4205 ¹
454 4176 518 4223 Cott·
529 4175 583 4223 MS.
596 4175 667 4236 Vesp.
681 4174 712 4221 D.
720 4173 762 4222 xii.
772 4173 812 4222 fol.
821 4174 861 4221 72.

997 4259 1021 4300 X
