2896 4844
489 465 735 512 auaro-erxon
760 463 988 510 uruunarun.
1199 443 1241 505 83

502 624 583 685 olyeed
682 624 726 672 folo
812 623 897 686 gehen

451 687 635 774 Redempta
659 689 753 773 plebs
779 687 941 772 captivata

477 790 562 853 ogyfan
623 790 675 838 lifes
739 791 805 839 mede

452 854 595 919 Reddita
619 854 687 956 vitp
712 855 849 964 premio.

509 957 665 1020 pannearislr
761 959 817 1006 erist
884 957 1026 1019 onbyrgene

496 1021 691 1106 Consurgit¹
718 1023 867 1086 Christus
891 1021 1020 1085 tumulo

463 1124 565 1202 sipefest
575 1125 605 1172 he
615 1125 741 1189 gehperfde
750 1125 777 1173 of
800 1124 860 1172 helle

452 1189 568 1252 Vretor
590 1189 675 1251 redit
696 1190 736 1252 de
759 1190 911 1253 barathro

463 1297 518 1355 pall
528 1297 631 1361 hreopne
663 1297 800 1345 beaeufende
849 1299 910 1346 bend

454 1361 643 1444 Tyrannum
665 1361 799 1423 trudens
821 1361 950 1426 vinculo

476 1478 492 1524 7
518 1461 687 1526 geopenigende
711 1459 885 1526 'neoxnepango

453 1527 499 1590 Et
525 1548 667 1591 reserans
692 1526 896 1611 paradysum.

530 1629 656 1694 pobiddst
689 1628 808 1689 dealalru
818 1628 968 1677 ealdorealro

497 1697 686 1762 Quesumus
712 1693 842 1756 Auctor
866 1693 1011 1756 omnium

462 1814 492 1845 011
504 1796 593 1859 Pissere
611 1794 745 1845 easterlieon
793 1795 876 1857 gefean

454 1861 493 1924 In
517 1861 578 1925 hoc
602 1859 751 1925 Paschali
776 1859 896 1942 gaudio

463 1963 499 2010 fr'e
542 1962 624 2010 aeleum
662 1961 747 2022 derbes
804 1976 891 2009 onraese

456 2027 511 2091 Ab
538 2026 626 2089 omni
651 2024 764 2089 mortis
787 2025 913 2107 impetu

493 2127 532 2189 pin
594 2125 746 2188 Pubeperige
827 2125 872 2173 folo

456 2192 565 2255 Tuum
592 2189 746 2252 defendas
771 2189 941 2272 populum.

524 2291 608 2355 puldor
664 2292 693 2352 pe
738 2288 857 2338 ddrihten

499 2355 616 2420 Gloria
641 2355 704 2418 tibi
727 2354 868 2418 Domine

465 2458 540 2521 pudo
610 2458 669 2506 arise
734 2458 772 2507 nr
804 2459 903 2506 deedum

456 2523 525 2590 Qui
550 2523 722 2586 surrexisti
745 2545 764 2586 a
787 2523 926 2587 mortuis

475 2626 524 2674 mid
579 2625 651 2673 foder
694 2640 711 2688 Ἰ
744 2627 791 2688 ban
802 2626 886 2690 halgen
918 2635 982 2691 geste

456 2692 539 2755 Cum
564 2689 661 2753 Patre
688 2699 722 2752 et
750 2689 870 2754 Sancto
895 2691 1022 2776 Spiritu

464 2809 495 2841 on
592 2807 632 2840 eoe
749 2792 847 2852 poruldo

455 2857 494 2920 In
519 2855 714 2939 sempiterna
741 2855 861 2920 secula.

773 2972 800 3017 ey
811 2955 848 3003 hit
857 2971 902 3020 spa

777 3019 895 3083 Amen.

416 3261 584 3328 YMNUS
616 3260 683 3327 AD
715 3260 1032 3328 ΝΟΟΤΠΒΝΑΒ.2

496 3420 511 3466 ό
521 3419 573 3468 eala
582 3420 615 3476 bu
625 3420 717 3469 haelend
728 3436 769 3468 ure
779 3422 917 3484 alysednyss

496 3485 577 3547 Jesu
602 3494 711 3549 nostra
736 3486 916 3571 redemptio

478 3586 529 3634 usu
589 3600 606 3648 Ἰ
672 3587 800 3650 rerilnunr

454 3651 558 3714 Amor
584 3662 617 3712 et
644 3650 839 3713 desiderirun

479 3753 524 3814 god
580 3751 697 3814 seyppend
762 3751 824 3799 eolre

456 3816 548 3878 Deus
574 3816 708 3879 Creator
735 3814 880 3879 omnium

480 3931 551 3964 menn
593 3932 624 3964 on
651 3916 717 3964 rande
781 3916 862 3965 tidena

456 3980 565 4043 Homo
589 3980 623 4043 in
647 3981 712 4043 fine
738 3991 922 4066 temporrun

272 4126 278 4155 ¹
296 4125 426 4189 Originally
437 4128 505 4174 ‘cum
519 4127 609 4190 surgit)
624 4143 638 4174 a
654 4127 717 4173 read-
801 4123 812 4152 ²
828 4124 932 4172 Durham
944 4125 1010 4188 MS„
1027 4126 1066 4176 fol.
1075 4128 1107 4175 24
1118 4129 1143 4178 b.

239 4192 278 4254 ing
288 4190 363 4240 which
375 4191 396 4238 is
406 4192 551 4253 represented
559 4191 593 4253 by
599 4190 639 4238 the
650 4190 716 4252 gloss.
