2896 4844
277 394 337 456 100

526 414 771 458 Annio-saxon
797 413 1024 457 HYMNARlUM.

538 571 615 634 Non
640 572 679 634 de
703 570 821 634 carnali
845 569 965 632 semine

493 674 558 738 Sed
584 672 722 758 spiritali
747 670 866 734 vimine

490 776 609 839 Emisit
632 787 671 839 ut
698 774 820 838 Christi
844 775 941 836 decus

493 877 662 941 Conferret
688 877 768 940 acris
793 875 954 960 plebibus

536 979 634 1045 Quod
658 989 697 1042 ut
719 977 857 1063 peraegit
882 976 1033 1040 omnibus

489 1084 561 1146 Deo
582 1084 716 1166 juvante
741 1079 865 1142 nisibus

488 1184 635 1248 Vocatur
659 1205 701 1246 ex
726 1180 823 1244 tholis
848 1178 918 1263 poli

490 1285 539 1348 Ut
563 1284 738 1347 collecetur
762 1280 909 1365 Angelis

533 1386 622 1451 Hinc
646 1398 679 1451 te
704 1408 872 1471 precamur
896 1381 1031 1445 Artifex

490 1489 622 1572 Optime
650 1512 757 1551 rerum
781 1487 944 1572 supplices

489 1591 538 1653 Ut
561 1591 660 1675 hujus
686 1613 740 1652 ore
765 1589 878 1652 militis

491 1691 572 1755 Tuis
599 1703 693 1755 tuum
719 1694 774 1755 des
798 1690 943 1754 servulis.

534 1792 586 1855 Sit
609 1793 713 1895 glorip
737 1795 823 1856 nitor
846 1791 935 1853 Patri

485 1894 537 1957 Sit
559 1895 644 1957 Filio
671 1895 730 1958 lux
757 1907 790 1957 et
812 1893 902 1978 jugis

491 1997 544 2060 Sit
565 1997 753 2081 procedenti
778 1995 917 2059 Flamini

491 2101 545 2162 Ab
571 2099 622 2162 his
644 2109 795 2162 venustas
820 2095 963 2160 luminis.

463 2411 629 2475 YMNUS
663 2411 729 2474 AD
765 2410 1098 2474 NOCTURNAM.¹

362 2606 496 2668 Summa
521 2604 586 2667 Dei
612 2604 740 2666 bonitas
765 2605 891 2706 cplique
918 2616 1008 2688 septa
1033 2605 1194 2687 gubernas

406 2708 548 2802 Qupque
575 2706 680 2769 solum
703 2706 811 2768 firmas
835 2728 958 2768 summa
980 2706 1045 2768 Dei
1069 2707 1208 2770 bonitas.

362 2809 530 2871 Laudibus
554 2807 682 2871 eximiis
709 2807 750 2870 da
775 2807 998 2890 Augustinum
1024 2829 1209 2872 resonemus

407 2911 516 2977 Quem
541 2911 595 2994 pie
620 2909 756 2972 sanxisti
781 2909 934 2973 laudibus
960 2910 1099 2974 eximiis.

363 3015 441 3077 Jure
465 3013 633 3077 salutifero
659 3013 783 3077 Romae
811 3013 868 3096 qui
891 3013 1035 3076 nascitur
1061 3012 1126 3074 arci

406 3116 579 3179 Nascimur
605 3128 638 3180 et
664 3140 729 3200 quo
756 3139 814 3179 nos
835 3117 910 3200 jure
936 3113 1114 3180 salutifero.

365 3218 480 3280 Clarus
502 3218 536 3279 in
559 3219 636 3280 orbe
660 3218 746 3300 viget
769 3218 857 3300 quod
880 3216 1019 3280 contulit
1040 3213 1095 3276 ille
1119 3213 1232 3276 dicasti

409 3318 551 3400 Quoque
573 3317 658 3400 polis
679 3317 799 3379 renitet
821 3315 926 3379 clarus
947 3317 981 3378 in
1005 3315 1081 3377 orbe
1104 3314 1201 3398 viget.

366 3422 476 3505 Hujus
500 3420 541 3481 ob
566 3417 746 3500 alloquium
769 3418 863 3481 nobis
886 3418 1035 3480 miserere
1057 3440 1225 3501 precamur

410 3519 586 3584 Commoda
612 3541 759 3602 quaeque
785 3541 862 3602 para
883 3518 983 3603 hujus
1009 3520 1051 3582 ob
1075 3519 1267 3603 alloquium.

367 3625 512 3707 Imperet
534 3622 596 3685 ista
622 3621 690 3684 dies
714 3622 907 3685 mundemur
933 3632 971 3684 ut
996 3622 1122 3685 actibus
1146 3622 1218 3686 imis

410 3724 538 3786 Deinde
564 3724 677 3787 salutis
703 3748 780 3809 opes
805 3725 943 3807 imperet
967 3723 1029 3787 ista
1053 3724 1131 3788 dies

369 3826 484 3889 Gloria
510 3847 623 3908 magna
647 3826 737 3889 Patri
761 3848 887 3909 semper
911 3826 973 3889 tibi
996 3826 1100 3908 gloria
1122 3826 1209 3890 Nate

411 3926 493 3990 Cum
518 3926 637 3989 Sancto
661 3926 786 4010 Spiritu
808 3927 911 4009 gloria
931 3948 1047 4010 magna
1069 3927 1170 3991 Patri.

619 4096 624 4126 ¹
641 4096 744 4144 Durham
755 4095 817 4154 MS„
829 4095 868 4143 fol.
879 4095 911 4142 29
923 4097 945 4144 b.
