2896 4844
492 460 738 506 anano-saxon
762 461 991 506 nruunnruu.
1176 439 1236 503 157

232 800 401 865 YMNUS
423 800 476 865 IN
492 800 863 866 ANNIVERSARIO
887 795 1233 865 DEDICATIONIS

444 947 447 951 -
598 902 866 968 AECCLESIEJ

493 1067 581 1131 Urbs
607 1068 702 1157 beata
727 1067 936 1132 Hierusalem

535 1169 634 1232 Dicta
656 1168 746 1253 pacis
768 1169 849 1232 visio

493 1269 571 1336 Que
595 1270 794 1332 construitur
818 1271 853 1333 in
879 1271 958 1342 oelis

535 1339 629 1434 Vivis
653 1392 696 1433 ex
721 1345 913 1455 lapidibus⁴

492 1472 538 1534 Et
561 1470 697 1554 Angelis
720 1483 872 1536 coornata

509 1603 512 1607 ⁴
536 1569 585 1634 Ut
609 1583 760 1654 sponsata
785 1574 912 1638 comite.

492 1713 586 1777 Nova
608 1715 738 1779 veniens
765 1741 782 1780 e
809 1718 880 1814 opio

535 1815 687 1900 Nuptiali
711 1818 852 1882 thalamo

494 1918 671 2003 Preparata
695 1931 734 1984 ut
761 1931 911 2006 sponsata

457 2087 467 2103 .
535 2021 718 2106 Copulatur
740 2025 884 2115 Domino

492 2122 607 2223 Platep
629 2134 663 2187 et
688 2125 774 2188 muri
800 2128 870 2210 ejus

533 2225 590 2288 Ex
615 2248 692 2289 auro
715 2226 898 2310 purissimo.

449 2438 457 2451 R
491 2366 594 2465 Portp
617 2367 725 2431 nitent
750 2368 933 2452 margaritis

532 2467 644 2532 Aditis
667 2470 857 2553 patentibus

491 2570 537 2633 Et
558 2569 679 2633 virtute
702 2571 893 2634 meritorum

534 2670 620 2734 Illuc
646 2671 866 2734 introducitur

492 2772 605 2835 Omnis
628 2772 686 2856 qui
707 2794 767 2857 pro
785 2771 908 2836 Christi
932 2774 1060 2837 nomine

532 2873 599 2937 Hic
624 2875 660 2937 in
678 2875 800 2938 mundo
821 2875 991 2959 premitur.

490 3015 725 3079 Tonsioribus²
738 3015 898 3100 pressuris
1008 3072 1011 3079 ,

531 3118 686 3202 Expoliti
712 3117 837 3202 lapides

489 3219 631 3304 Suisque
657 3229 809 3303 aptantur
835 3221 914 3284 loeis

531 3324 597 3386 Per
621 3345 735 3386 manus
760 3322 893 3386 artificis

487 3425 719 3510 Disponuntur
744 3427 947 3510 permansuri

532 3527 638 3591 Sacris
661 3527 807 3591 edificiis.

488 3669 666 3754 Angularis
685 3668 934 3732 fundamentum

529 3770 630 3855 Lapis
647 3769 796 3833 Christus
811 3770 927 3833 missus
942 3782 991 3834 est

261 4008 267 4038 ¹
284 4009 408 4059 CottMs.
420 4010 491 4072 Vesp.
504 4011 533 4058 D.
541 4011 585 4057 xii.
595 4010 634 4058 fol.
644 4011 698 4059 119.
790 4013 820 4060 So
832 4011 871 4060 the
883 4013 939 4062 MS.
971 4015 1146 4064 Tunsionibus?
