2896 4844
465 438 710 484 nunno-saxon
735 437 962 481 urunnmuu.
1155 416 1215 482 163

325 678 530 745 HYMNUS
561 679 610 744 IN
644 678 877 744 PASSIONE
908 674 1112 741 DOMINI.¹

475 835 586 920 Pange
609 836 723 920 lingua
746 834 880 919 gloriosi

434 936 590 1000 Praelium
613 937 796 1001 certaminis

435 1037 481 1099 Et
507 1060 605 1123 super
629 1038 733 1102 crucis
757 1037 931 1121 tropheum

435 1138 498 1202 Dio
525 1140 727 1224 triumphum
753 1139 897 1204 nobilem

436 1239 587 1304 Qualiter
610 1240 812 1324 Redemptor
835 1241 921 1304 orbis

436 1340 628 1406 lmmolatus
649 1343 774 1408 vicerit.

479 1441 531 1505 De
555 1443 698 1527 parentis
723 1441 917 1529 protoplasti

438 1543 564 1607 Fraude
588 1544 692 1608 factor
718 1538 892 1609 condolens

438 1646 577 1712 Quando
601 1647 690 1732 pomi
713 1647 855 1712 noxialis

437 1747 553 1812 Morsu
575 1761 712 1813 mortem
737 1751 861 1814 corruit

437 1850 515 1933 Ipse
540 1848 667 1934 lignum
692 1861 771 1913 tunc
796 1852 921 1914 notavit

437 1949 566 2014 Damna
591 1951 673 2034 ligni
699 1963 737 2015 ut
763 1951 911 2017 solveret.

483 2052 557 2115 Hoo
585 2074 667 2135 opus
691 2062 800 2115 nostre
825 2053 940 2116 salutis

440 2153 514 2216 Ada
538 2152 769 2236 depoposcerat

440 2252 658 2316 Multiformis
682 2252 859 2337 proditoris

442 2356 506 2418 Ars
528 2364 567 2418 ut
589 2367 691 2419 artem
719 2355 847 2418 falleret

440 2457 486 2519 Et
512 2455 670 2520 medelam
694 2456 796 2519 ferret
821 2457 897 2520 inde

442 2556 558 2620 Hostis
583 2557 669 2619 unde
693 2555 820 2622 leserat.

485 2658 625 2724 Quando
647 2658 738 2721 venit
759 2679 836 2740 ergo
859 2659 939 2721 sacri

441 2758 619 2822 Plenitudo
642 2758 796 2843 temporis

442 2861 564 2924 Missus
588 2871 639 2923 est
661 2861 702 2923 ab
727 2882 797 2922 arce
822 2858 928 2922 Patris

444 2964 551 3026 Natus
575 2960 662 3026 orbis
685 2960 842 3023 Conditor

446 3065 560 3148 Atque
582 3072 695 3127 ventre
716 3061 866 3144 virginali

445 3165 527 3228 Caro
552 3164 658 3227 factus
681 3162 828 3246 prodiit.2

488 3265 605 3329 Gloria
627 3274 661 3326 et
681 3262 787 3326 honor
808 3262 882 3326 Deo

447 3368 630 3453 Usquequo
654 3366 812 3430 altissimo

445 3472 519 3534 Una
542 3470 633 3534 Patri
655 3469 808 3553 Filioque

445 3572 564 3635 Inclito
589 3571 750 3635 Paraolito

447 3673 510 3735 Cui
532 3672 603 3734 laus
627 3681 676 3733 est
700 3681 733 3733 et
756 3681 900 3754 potestas

448 3773 510 3836 Per
534 3783 646 3835 eterna
668 3771 786 3835 secula.

780 3872 900 3936 Aunn.

268 4043 274 4072 ¹
292 4046 355 4093 Gott.
364 4044 418 4092 MS.
427 4043 498 4106 Veap.
509 4043 585 4092 D.xii.
595 4043 633 4092 fol.
645 4044 690 4091 120
700 4044 722 4093 b.
799 4041 809 4069 ²
825 4042 855 4089 In
874 4041 913 4089 the
932 4041 993 4089 Cott.
1011 4042 1066 4089 MS.
1084 4058 1098 4088 a
1117 4049 1195 4090 stanna
1215 4043 1235 4089 is

234 4109 320 4157 Added
336 4109 369 4170 by
379 4124 393 4156 a
403 4109 461 4156 later
472 4109 541 4156 hand.
643 4119 645 4124 ·
767 4106 821 4155 here
837 4106 925 4153 erased.
