2896 4844
257 441 296 505 12
500 461 752 507 nunno-snos
777 462 1007 506 nruunmuu.

528 613 606 676 gitiba
668 615 740 662 faeder
750 614 765 661 6
775 614 826 663 erla
836 617 869 676 bu
879 614 1006 677 aelmihtiga

517 678 631 742 Presta
658 678 756 741 Pater
782 679 986 763 omnipotens

477 780 536 842 burh
571 781 663 828 baelend
751 780 805 828 crist
929 780 1022 827 drihten

474 845 537 908 Per
558 845 671 909 Jesum
699 844 864 908 Christum
891 844 1070 906 Dominum

495 952 525 1011 be
579 949 627 995 mid
638 949 667 1008 pe
708 962 739 993 011
803 961 900 1008 ecnysra

472 1013 542 1080 Qui
568 1023 676 1075 tecum
701 1010 736 1071 in
760 1021 956 1093 perpetuum

509 1112 578 1162 rixa&
644 1113 706 1160 mid·
752 1112 836 1176 halgan
900 1120 965 1176 geste

473 1179 605 1261 Regnat
631 1200 705 1240 cum
730 1178 849 1241 Sancto
875 1175 1013 1261 Spiritu.

408 1478 576 1545 YMNUS
610 1481 676 1544 AD
715 1480 1122 1546 COMPLETORIUM.¹

515 1673 566 1720 eala
582 1671 596 1717 6
607 1672 704 1733 burriel
715 1674 747 1734 bu
757 1671 789 1734 be
799 1670 862 1720 leoht
872 1681 922 1720 eorl
933 1687 950 1736 Ἰ
967 1673 1019 1735 daeg

519 1736 648 1798 Christe
672 1737 730 1819 qui
754 1736 815 1798 lux
842 1761 875 1799 es
902 1747 934 1799 et
960 1736 1028 1798 dies

493 1836 577 1884 neahte
636 1840 730 1898 beostru
756 1839 788 1898 bu
796 1837 845 1885 ofer
854 1837 929 1885 belant

473 1901 590 1964 Noctis
615 1902 762 1964 tenebras
787 1902 911 1984 detegis

493 2002 610 2066 pleohtes
692 2001 961 2065 leobtbueartgelyled

472 2066 638 2150 Lucisque
663 2065 773 2130 lumen
798 2067 935 2130 crederis

510 2169 574 2216 leoht
660 2169 727 2232 eadig
808 2169 923 2216 bodiende

473 2233 600 2296 Lumen
623 2234 757 2296 beatum
781 2233 960 2316 predicans.

533 2351 564 2398 pe
577 2335 663 2395 biddap
675 2334 690 2380 6
701 2335 750 2382 eale
760 2337 791 2396 bu
803 2334 869 2396 helgo
879 2334 972 2381 drihten

517 2399 691 2462 Preeamur
716 2399 835 2495 Sancte
859 2397 1000 2460 Domine

506 2501 591 2562 bepere
658 2517 686 2548 us
729 2516 759 2548 on
775 2500 860 2562 bissem
877 2499 951 2562 nyhte

399 2598 402 2603 ·
473 2563 625 2627 Defende
648 2586 707 2627 nos
729 2565 765 2627 in
788 2565 847 2627 hac
874 2573 969 2627 nocte

496 2680 524 2726 sy
588 2680 616 2715 us
673 2681 703 2712 on
730 2668 760 2727 pe
824 2673 871 2714 rest

477 2729 528 2794 Sit
553 2728 648 2792 nobis
674 2730 708 2792 in
730 2742 763 2793 te
789 2730 920 2814 requies

514 2831 599 2894 gedyfe
678 2832 743 2881 nihte
818 2832 897 2894 forgyf

473 2895 629 2962 Quietem
652 2908 781 2960 noctem
806 2897 924 2960 tribue.

518 3002 579 3060 {Sne
621 2999 669 3048 befi
750 2999 806 3061 slaep
876 2997 986 3046 onhreose

517 3063 570 3127 Ne
593 3064 697 3148 gravis
721 3086 850 3127 somnus
876 3062 980 3125 irruat

485 3165 546 3223 bne
589 3166 658 3213 seond
713 3182 741 3214 us
783 3166 936 3225 rmderereope

477 3227 547 3290 Nec
571 3230 674 3293 hostis
698 3252 756 3292 nos
780 3228 942 3310 subripiat

487 3328 621 3387 bneflaesc
652 3328 700 3375 him
726 3325 895 3389 giban...)

477 3392 530 3454 Ne
554 3414 626 3455 caro
651 3390 701 3453 illi
728 3390 930 3453 consentiens

501 3509 530 3542 us
588 3491 619 3554 ΡΘ
646 3491 747 3554 scyldige
779 3500 866 3554 gesette

477 3556 547 3620 Nos
571 3557 633 3620 tibi
658 3579 729 3619 reos
755 3566 888 3621 statuat.

535 3673 606 3720 ergon
686 3657 742 3720 slaep
823 3657 935 3706 underfon

522 3721 618 3784 Oculi
644 3743 792 3785 somnum
818 3723 947 3807 capiant

479 3821 559 3869 heorte
575 3829 600 3869 to
629 3820 661 3869 be
720 3822 775 3871 aelre
861 3825 940 3887 pacige

480 3885 544 3948 Cor
566 3886 608 3948 ad
630 3896 664 3949 te
689 3909 814 3970 semper
837 3888 951 3971 vigilet

296 4112 424 4161 ¹Durhum
435 4113 607 4171 Ms.‚r01.4b.
820 4110 830 4138 ²
854 4111 884 4158 In
906 4112 959 4161 MS.
978 4114 1009 4160 D.
1031 4111 1152 4175 originally
1177 4111 1264 4175 gebali-

787 4176 870 4238 gende,
879 4177 922 4224 but
932 4176 972 4224 the
983 4177 1130 4226 termination
1147 4177 1167 4225 is
1177 4178 1264 4226 erased.
