2896 4844
445 459 692 503 uncto-saxon
716 460 944 511 muniminum.

447 618 515 684 Qui
540 619 779 704 protoplastum
803 621 905 682 vetito

405 719 549 784 Illiciens
572 721 683 785 edulio

402 821 443 886 In
469 821 567 907 hujus
591 823 659 918 vite
684 822 843 895 torridum

404 922 600 986 Detruserat
623 924 833 1008 ergastulum.

445 1025 516 1087 Nos
540 1025 600 1088 filii
627 1025 799 1089 aecclesiae

404 1126 477 1190 Tuo
503 1126 664 1211 redempti
689 1127 844 1212 sanguine

403 1227 494 1291 Voce
517 1251 687 1312 precamur
711 1229 828 1293 humili

401 1328 454 1390 Ne
478 1350 648 1412 pereamus
673 1330 792 1392 miseri.

447 1430 533 1493 Sana
556 1431 768 1515 languentum
793 1431 927 1499 vulnera

404 1530 494 1593 Dum
518 1532 764 1617 ¹restringuntur
790 1554 924 1621 corpora

402 1633 486 1697 Dele
511 1634 600 1697 virus
624 1634 766 1698 malitiae

401 1735 532 1799 Medcla
560 1736 777 1820 parsimoniae.

445 1836 538 1901 Sicut
561 1839 596 1901 in
621 1838 826 1922 sterquilinio

402 1939 621 2023 Benignitatis
646 1940 741 2003 oculo

403 2042 568 2126 Dignatus
599 2065 633 2105 es
658 2043 795 2105 revisere

398 2143 462 2206 Job
486 2144 521 2205 in
547 2135 657 2206 favilla
681 2153 714 2205 et
740 2143 858 2206 cinere.

488 2244 602 2307 Presta
624 2244 722 2307 Pater
744 2266 803 2327 per
825 2243 958 2318 Filium.

589 2583 784 2646 ΥΜΝΠὸ.ι

449 2759 524 2807 6aala
534 2762 566 2822 pu
576 2759 663 2808 healica
674 2760 764 2822 syllcnd
791 2761 857 2806 mede

444 2824 577 2886 Summe
603 2823 738 2907 largitor
760 2823 877 2908 premii

423 2925 475 2972 hiht
497 2927 528 2987 lm
541 2928 569 2986 bc
585 2933 635 2974 cart
645 2927 771 2975 ancaenned
781 2926 957 2974 middaneardes

404 2990 485 3073 Spes
509 2989 566 3072 qui
592 3012 626 3052 es
650 2990 745 3053 unica
767 2989 881 3053 mundi

435 3091 496 3138 bena
565 3087 647 3152 begdm
719 3092 823 3152 peopcna

398 3154 517 3217 Preces
541 3153 673 3216 intende
698 3176 863 3217 servorum

409 3264 432 3302 to
477 3256 506 3316 pa
539 3254 647 3302 cstfullan
696 3255 854 3317 cleopigcndra

292 3317 294 3320 ’
399 3319 455 3383 Ad
479 3328 511 3381 te
536 3318 651 3382 devote
675 3319 880 3385 clamantum.

485 3436 525 3467 ure
585 3423 614 3482 pe
688 3421 791 3484 ingehyd

441 3485 562 3548 Nostra
586 3495 619 3548 te
644 3487 841 3551 conscientia

406 3587 502 3636 hefelice
553 3596 686 3651 aetrpuman
738 3590 873 3653 gesputelap

398 3652 507 3715 Grave
532 3653 703 3715 offendisse
727 3663 887 3716 monstrat

408 3758 439 3816 pa
449 3753 484 3802 Su
511 3755 626 3817 geclaensa
712 3769 743 3817 pe
753 3754 840 3815 biddalr

397 3820 473 3886 Qua
497 3817 652 3882 emundes
676 3817 896 3903 supplicamus

398 3921 456 3969 fram
511 3921 595 3969 callum
681 3935 774 3968 manum

396 3985 451 4049 Ab
478 3986 629 4048 omnibus
654 3985 801 4069 piaculis,

500 4204 502 4208 “
515 4189 521 4218 ¹
539 4189 643 4237 Durham
654 4189 719 4246 MS,
729 4188 768 4236 tol.
780 4189 809 4235 19
818 4189 841 4236 b.
