2896 4844
455 427 702 471 Anero-snxon
726 427 955 471 nrnnnnlon.
1145 410 1205 472 135

415 560 542 623 pahnlgnn
569 564 647 610 samod
695 564 837 626 freter-gasto

415 625 534 689 Sancto
560 627 656 689 simul
681 628 843 691 Paraclito

424 742 454 773 on
524 729 620 791 porulda
696 731 778 791 poruld

415 790 455 852 In
482 793 666 856 soculorum
690 795 805 859 secula.

759 895 834 958 syhit
846 911 888 958 spa

760 959 881 1024 Auru.

355 1228 522 1295 YMNUS
555 1235 619 1297 DE
653 1232 1059 1299 CONFESSORIBUS.¹

468 1395 482 1440 6
494 1396 543 1443 eala
554 1394 589 1444 au
600 1397 655 1445 crist
672 1397 811 1458 beorhtnyss
854 1395 947 1457 puldres

460 1459 489 1522 0
514 1459 641 1524 Christe
666 1461 818 1545 splendor
843 1459 954 1542 gloriae

459 1560 506 1608 losn
579 1564 725 1625 pegereocalr
790 1561 822 1623 Pe

418 1623 547 1688 Laudes
572 1626 742 1689 referimus
769 1624 846 1687 Tibi

426 1726 459 1785 lui
469 1724 501 1773 lle
512 1727 559 1774 mid
567 1727 715 1790 genihtsumir
726 1727 809 1786 puldre

417 1789 486 1854 Qui
512 1793 640 1874 profluo
666 1790 822 1854 miraculo

467 1891 565 1956 halgena
604 1895 798 1958 gefraetepigeude
809 1892 913 1940 casertan

416 1953 607 2021 Sanctorum
632 1982 747 2022 ornans
774 1957 902 2020 atrium.

467 2056 544 2118 Pulle
560 2076 589 2107 on
622 2061 687 2108 sibbe
738 2057 868 2123 gelassunge

459 2120 527 2187 Qui
554 2123 587 2185 in
613 2146 692 2207 pace
716 2121 888 2185 aecclesiae

441 2223 556 2285 blopende
588 2240 618 2272 on
629 2227 704 2287 peupe
719 2223 784 2271 lilian

415 2285 583 2352 Florentes
608 2312 696 2351 more
720 2287 783 2350 lilii

484 2391 590 2438 bodedeu
720 2391 776 2438 soloe

415 2453 667 2519 Predicaverunt
692 2453 815 2540 populo

436 2556 456 2613 ᾧ
500 2557 641 2621 higefeldon
689 2570 867 2618 neorxuepange

417 2616 465 2681 Ut
488 2622 653 2706 replerent
677 2623 881 2707 paradysum.

492 2725 599 2773 nimende
658 2739 734 2788 pepna
778 2721 861 2785 piglice

460 2787 632 2852 Sumentes
654 2811 741 2851 arma
765 2784 884 2849 bellica

438 2903 526 2951 ongean
568 2891 664 2939 feondes
712 2887 857 2948 hindersoipe

419 2949 540 3016 Contra
565 2954 666 3016 hostis
691 2951 874 3035 nequitiam

452 3054 517 3114 soyld
564 3054 667 3116 geleofan
716 3052 789 3114 spurd

417 3114 554 3179 Scutum
579 3117 655 3180 fidei
679 3116 823 3200 gladium

475 3226 526 3280 gast
618 3219 682 3266 feoht
747 3215 867 3278 stranglioe

418 3280 560 3366 Spiritus
583 3290 730 3367 pugnat⁹
745 3280 885 3344 fortiter.

464 3400 495 3432 ou
567 3385 630 3440 bera
682 3383 754 3432 mute
797 3383 842 3445 god
882 3380 918 3428 <is

461 3448 501 3510 Iu
528 3472 666 3533 quorum
692 3471 747 3512 ore
770 3447 861 3510 Deus
885 3455 935 3508 est

422 3567 452 3598 on
526 3554 588 3613 paera
653 3551 750 3599 heortan
824 3549 880 3597 erist
959 3546 981 3592 is

418 3614 458 3676 In
485 3638 625 3699 quorum
653 3615 748 3677 corde
773 3612 921 3676 Christus
947 3621 997 3671 est

421 3731 452 3762 on
527 3717 589 3770 taera
665 3716 732 3762 mode
764 3713 898 3775 arfaestnyss
997 3738 1017 3755 ·.

420 3778 460 3841 In
485 3801 624 3862 quorum
648 3788 757 3841 mente
781 3778 885 3862 pietas

428 3880 571 3944 rihtpisnyss
588 3897 605 3943 Ἰ
623 3880 773 3942 sopsaestnyss

416 3944 552 4008 Justitia
577 3957 611 4008 et
633 3945 760 4008 veritas.

237 4096 242 4124 ¹
262 4095 363 4143 Dnrham
376 4095 439 4149 MS..
452 4095 491 4144 fol.
501 4096 532 4142 39
542 4096 567 4142 b.
729 4092 739 4121 ²
755 4092 885 4155 Originally
896 4089 1027 4154 ‘pugnant'
1045 4091 1069 4138 in
1090 4089 1130 4138 the
1149 4091 1209 4138 Dur-
