2896 4844
409 443 656 489 Aucto-snxou
681 443 910 487 HYMNARIUM.

399 600 446 647 sele
496 599 554 662 burh
609 599 792 664 forbaesednyesa

373 662 471 726 Dona
497 686 556 748 per
582 665 809 729 abstinentiam

416 766 481 814 faeste
502 772 505 783 '
529 767 578 822 beet
618 767 672 814 mod
731 767 793 830 syste

372 831 508 914 Jejunet
533 841 572 893 ut
595 854 685 894 mens
711 832 819 894 sobria

372 933 408 979 fra
421 947 518 995 paemme
546 932 650 995 eallunga
730 933 820 982 leobtra

372 997 405 1060 A
431 996 504 1059 labe
529 1019 661 1081 prorsus
687 998 868 1062 criminum.

429 1099 509 1161 gctiba
524 1098 539 1144 ό
550 1099 600 1146 cala
611 1102 643 1162 bu
654 1101 734 1163 eadige
745 1102 847 1162 brynnes

415 1162 529 1226 Presta
554 1165 650 1227 beata
677 1165 821 1227 Trinitas

409 1265 487 1327 sorgyf
501 1265 515 1310 6
526 1266 577 1314 eala
589 1269 620 1327 bu
630 1267 735 1315 anfealde
746 1283 835 1328 anuyss

372 1328 521 1392 Concede
548 1330 689 1414 simplex
714 1332 822 1394 unitas

385 1433 404 1489 b
455 1431 514 1478 beon
578 1432 700 1495 andFaenge

373 1494 422 1557 Ut
448 1495 513 1557 sint
538 1496 750 1580 acceptabilia

439 1597 536 1647 faectena
650 1601 685 1649 luo

371 1661 579 1745 Jejuniorum
603 1687 747 1730 munera.

659 1769 678 1817 si
689 1768 726 1817 hit
736 1784 780 1832 spa

654 1834 773 1899 Amen.

496 2102 618 2166 ITEM
648 2105 844 2169 YMNUS.l

416 2277 473 2339 Ex
497 2298 586 2339 more
612 2275 699 2338 docti
724 2273 861 2358 mystico

375 2376 546 2441 Servemus
573 2401 613 2440 en
633 2376 798 2462 jejunium

375 2480 507 2544 Denum
531 2481 656 2544 dierum
683 2479 804 2544 circulo

372 2584 483 2648 Ducto
510 2595 626 2668 quater
649 2583 830 2648 notissimo

414 2684 488 2749 Lex
515 2696 548 2748 et
572 2684 738 2784 Propheta}
764 2684 915 2769 primitus

374 2787 448 2850 Hoc
471 2786 681 2871 protulerunt
704 2787 912 2871 postmodum

372 2888 523 2951 Christus
549 2889 684 2952 sacravit
708 2889 853 2951 omnium

370 2989 447 3052 Rex
473 3000 573 3072 atque
598 2989 701 3052 factor
727 3001 920 3074 temporum.

415 3090 557 3153 Utamur
583 3113 659 3172 ergo
683 3091 809 3174 parcius

370 3192 489 3257 Verbis
516 3191 598 3255 cibis
624 3202 658 3255 et
681 3193 815 3276 potibus

372 3294 493 3358 Somno
515 3294 598 3378 jocis
628 3305 661 3358 et
684 3294 785 3358 artius

370 3398 558 3461 Perstemus
583 3396 617 3460 in
645 3398 801 3463 custodia.

413 3497 566 3562 Vitemus
590 3512 699 3563 autem
723 3499 861 3583 pessima

373 3599 448 3666 Que
475 3601 639 3664 subruunt
664 3611 788 3663 mentes
814 3623 909 3684 vagas

372 3700 578 3785 Nullumque
603 3701 715 3763 demus
740 3701 856 3764 callido
934 3687 937 3692 ¹

373 3802 471 3866 Hosti
496 3801 605 3864 locum
634 3803 823 3885 tyrannidis.

414 3905 569 3968 Dicamus
595 3928 705 3969 omnes
731 3909 844 3971 cernui

372 4007 554 4071 Clamemus
581 4016 680 4090 atque
704 4008 826 4092 singuli

492 4166 499 4195 ¹
518 4166 621 4215 Durham
633 4168 695 4226 MS„
712 4168 750 4216 fol.
764 4170 793 4215 18
805 4169 830 4216 b.
