2896 4844
469 437 714 481 anano-saxon
740 435 968 480 nummarium.
1182 414 1223 475 87

302 756 469 821 YMNUS
506 755 559 819 IN
590 752 891 818 ASCENSIONE
923 750 1129 814 DOMINI.¹

584 928 634 997 'an
657 952 850 997 vnsrnmuu.

498 1093 587 1157 lofsang
642 1101 698 1141 uton
710 1093 792 1155 singna
835 1091 928 1138 drihtno

467 1157 614 1221 Ymnum
638 1179 790 1220 canamus
814 1155 958 1219 Domino

433 1259 632 1322 lofsangeanipan
681 1275 714 1306 nu
803 1255 893 1320 spegass

424 1324 525 1386 Ymni
550 1323 626 1385 novi
653 1345 740 1385 nuno
766 1331 940 1406 personent

477 1424 532 1473 crist
603 1425 686 1487 nipum
724 1423 773 1470 mid
818 1421 911 1470 sitsaete

426 1488 576 1553 Christus
600 1511 683 1551 novo
709 1510 782 1551 cum
808 1486 938 1550 tramite

444 1599 471 1638 to
511 1591 609 1639 faederes
673 1590 741 1639 astah
821 1587 947 1652 prymsetle

424 1655 480 1718 Ad
504 1655 610 1719 Patris
634 1655 779 1718 ascendit
803 1655 967 1718 thronum.

468 1758 622 1820 Transit²
648 1757 814 1842 triumpho
840 1754 946 1818 nobili

427 1859 500 1922 Poli
524 1871 677 1944 potenter
701 1859 842 1923 culmina

428 1961 497 2028 Qui
521 1971 625 2025 morte
651 1965 797 2025 mortem‘
814 1967 1030 2043 assumpserat

424 2062 560 2125 Derisus
587 2085 606 2125 a
629 2062 831 2126 mortalibus.

495 2163 609 2225 apostolas
675 2165 704 2225 pa
766 2163 879 2224 ryneliaes

467 2226 623 2311 Apostoli
649 2237 728 2290 tunc
752 2227 910 2310 mystico·

436 2343 466 2375 on
507 2328 586 2375 dunen
626 2329 755 2376 standands
804 2328 902 2376 crismon

425 2393 466 2454 In
491 2402 603 2455 monte
628 2401 751 2456 stantes
777 2392 933 2456 crismatis

451 2494 501 2542 mid
549 2495 628 2542 meder
653 2494 764 2557 byrhtum
791 2496 894 2543 maedene

427 2557 511 2621 Cum
531 2557 640 2622 Matre
665 2559 751 2622 clara
773 2560 909 2643 Virgine

425 2661 473 2721 paor
482 2660 600 2709 haelendes
610 2677 712 2726 gesapon
740 2663 822 2726 puldor

425 2723 505 2787 Jesu
527 2726 681 2790 videbant
704 2727 852 2811 gloriam.

467 2826 543 2889 Ac²
568 2830 733 2911 prosecuti
758 2829 880 2892 lumine

426 2927 529 2991 Laeto
552 2941 719 3012 petentem
744 2931 849 2993 sidera

426 3028 538 3091 Laetis
564 3052 623 3114 per
646 3053 740 3094 aures
764 3030 916 3094 cordibus

426 3130 563 3193 Duxere
590 3130 717 3215 Regem
743 3130 857 3232 spculi.

507 3235 538 3289 ba
629 3234 752 3296 sprecenda
825 3234 910 3296 anglae

471 3298 565 3365 Quos
589 3296 795 3382 alloquentes
815 3298 938 3382 Angeli

436 3409 459 3448 to
470 3400 512 3460 hpi
540 3401 621 3464 tunglo
653 3403 781 3451 standands
797 3403 908 3451 behealde
918 3418 946 3465 ge

425 3465 518 3532 Quid
541 3478 627 3530 astra
653 3476 776 3530 stantes
802 3467 944 3530 cernitis·

460 3568 551 3616 haelend
606 3571 648 3630 pes
696 3569 717 3618 ia
765 3569 898 3632 hicpaedon

426 3632 572 3695 Salvator
596 3632 650 3695 hio
677 3644 726 3696 est
751 3633 907 3716 inquiunt

428 3734 520 3784 haelend
576 3734 624 3782 mid
636 3735 683 3798 sige
740 3735 838 3796 aebelum

423 3800 519 3863 Jesus
548 3798 713 3884 triumpho
739 3799 853 3862 nobili.

467 3902 523 3965 Α2
544 3901 636 3965 vobis
660 3901 699 3964 ad
724 3899 874 3964 caelestia

423 4003 494 4070 Qui
517 4027 618 4088 regna
643 4027 729 4068 nuno
756 4013 941 4088 assumptus
965 4014 1014 4066 est

240 4186 247 4216 ¹
265 4182 369 4230 Durlram
376 4182 439 4240 Ms,
447 4181 486 4229 sol.
494 4182 525 4228 2⁵
533 4181 557 4228 b.
617 4179 627 4207 ²
644 4180 702 4228 Thia
713 4187 792 4228 stanna
803 4181 823 4227 is
831 4187 872 4227 not
879 4179 968 4242 glossed
977 4180 1001 4228 in
1011 4180 1217 4230 theDurhamMS.
