2896 4844
455 445 702 490 ANGLO-snxon
726 442 954 488 HYMNARIUM.

445 599 530 662 mihtig
586 598 623 646 his
678 612 703 644 ae
734 595 907 644 midblodehie

418 664 549 728 Potest¹
571 686 630 725 suo
658 662 716 746 qui
740 661 896 744 sanguine

444 781 521 827 synna
535 765 712 812 middaneardes
727 762 823 824 adrigari

417 830 556 893 Peccata
582 827 682 891 cosmi
709 837 846 910 tergere.

475 930 536 978 stein
547 929 682 978 comostlice
698 929 783 976 tudder
815 927 842 975 of
863 926 983 975 heofonum

459 995 539 1057 Vox
566 1016 643 1076 ergo
667 991 794 1077 prolem
818 993 858 1056 de
882 991 967 1074 polis

454 1095 552 1157 gesebde
607 1094 706 1142 healicee
746 1093 844 1142 faedcres

417 1157 572 1223 Testatur
596 1158 718 1221 excelsi
743 1157 851 1220 Patris

450 1260 511 1309 miht
566 1268 676 1324 qaetpaee
731 1260 906 1322 hcligeagastca

408 1323 524 1387 Virtus
548 1325 704 1409 adestque
728 1322 920 1387 Pneumatis

425 1425 513 1486 heligre
543 1426 670 1488 forgifcstrc
743 1425 798 1488 gyic

418 1489 529 1552 Sancti
555 1491 664 1553 datrix
690 1488 884 1552 karismatia

488 1605 515 1638 us
533 1591 650 1646 oenlabu
661 1590 715 1637 crist
725 1589 774 1637 mid
785 1589 906 1637 eadmodrc
916 1588 975 1637 bene

462 1653 533 1718 Nos
556 1653 684 1718 Christe
711 1652 850 1738 supplici
875 1674 971 1737 prece

442 1756 570 1818 pebiddap
642 1755 699 1804 ealle
770 1754 856 1817 gewild

417 1818 592 1884 Precamur
618 1842 728 1883 omnes
754 1829 889 1903 protege

425 1923 459 1982 bu
470 1924 500 1984 pe
532 1922 643 1971 bebcodst
707 1921 800 1969 readian

420 1983 489 2057 Qui
512 1986 651 2070 precipis
677 1987 846 2049 rubescere

444 2088 554 2150 mihtlyce
595 2088 829 2150 paeterfatupaeterca

418 2151 577 2215 Potenter
601 2151 711 2235 ydrias
735 2173 829 2248 aqup.

477 2252 557 2317 getipa
615 2251 772 2314 palpiliendne
799 2251 928 2314 geomfullr

463 2317 576 2380 Presta
599 2315 776 2399 benignum
803 2316 916 2379 sedulo

461 2420 530 2467 frofer
626 2419 723 2466 fultume

417 2483 570 2547 Solamen
597 2483 759 2568 adjutorio

432 2587 598 2646 7aedbrodene
655 2601 682 2633 us
715 2585 741 2632 of
789 2586 849 2634 helle

419 2648 609 2735 Raptosque
635 2673 694 2712 nos
718 2673 736 2712 e
763 2661 882 2713 tartaro

457 2751 533 2800 rixian
605 2752 634 2799 do
682 2751 731 2799 mid
742 2752 772 2814 lie
783 2767 814 2799 on
824 2752 937 2800 hcofonan

421 2815 571 2900 Regnare
595 2814 647 2879 fac
674 2826 781 2879 tecum
807 2816 894 2899 polo,

489 2917 524 2963 lor
598 2918 709 2978 brynecsc
765 2901 862 2975 neadpis

461 2979 548 3042 Laus
571 2980 725 3042 Trinitati
754 2979 864 3042 debita

421 3078 550 3140 pm‘iiment
605 3078 664 3126 mihi
729 3079 813 3142 pnldor

420 3144 537 3207 Honor
560 3153 702 3226 potestas
726 3143 829 3227 gloria

479 3245 560 3295 eceliee
641 3262 669 3309 sy
728 3247 787 3296 ealla

420 3310 610 3374 Perenniter
633 3312 676 3375 sit
699 3312 807 3376 omnia

418 3414 492 3475 geond
550 3413 649 3473 porulda
728 3415 811 3474 poruld

419 3477 483 3541 Per
509 3479 691 3542 seculorum
717 3481 835 3545 secula.

765 3601 884 3664 Annia

497 3838 503 3868 ¹
521 3839 651 3902 Originally
662 3835 770 3900 ‘potens'
781 3839 806 3886 in
817 3839 873 3887 MS.
881 3839 912 3888 D.

1164 421 1208 483 49
