2896 4844
425 442 671 486 ANGLO·5AXON
697 444 925 488 HYMNARIUM.

389 582 514 666 Largus
539 583 644 647 libens
671 584 824 648 lucifluus

388 684 600 749 Laudabatur
626 685 660 749 in
685 686 819 751 meritis,

430 788 523 851 Fecit
546 810 675 853 manare
702 789 837 853 flumina

387 889 502 955 Fontis
526 890 610 976 signi
633 895 784 978 perpetui

387 990 456 1056 Ubi
480 993 571 1056 nulla
595 994 731 1078 vestigia

390 1092 595 1161 Videbantur
620 1095 784 1161 fonticuli.

431 1198 594 1282 Linguam
618 1197 750 1261 resolvit
772 1198 910 1263 vinculis

388 1300 503 1385 Longo
528 1312 672 1384 tempore
695 1310 856 1363 retentam

387 1404 522 1467 Petrosa
546 1413 633 1466 terra
655 1414 797 1487 segetem

391 1506 496 1569 Parvo
521 1505 681 1589 produxit
707 1516 862 1590 tempore.

430 1607 527 1671 Illius
550 1630 609 1671 nos
635 1606 797 1670 auxilium

386 1709 620 1793 Depraecemur
643 1719 840 1793 perpetuum

386 1809 435 1872 Ut
458 1832 640 1873 mereamur
664 1809 770 1873 dicere

385 1910 463 1973 Sine
487 1911 551 1975 fine
579 1933 653 1974 cum
679 1910 810 1994 gaudio.

430 2012 547 2076 Gloria
572 2013 663 2076 Patri
687 2011 834 2093 ingenito

387 2114 503 2178 Gloria
530 2113 711 2196 Unigenito

386 2216 461 2279 Una
486 2238 559 2279 aum
584 2214 702 2277 Sancto
725 2215 853 2299 Spiritu

385 2316 426 2379 In
452 2316 648 2400 sempiterna
674 2316 790 2379 secula.

270 2577 438 2642 YMNUS
472 2576 526 2639 IN
557 2574 873 2640 FESTIVITATE
907 2576 1080 2640 SANCTI

379 2734 383 2743 .
415 2678 678 2743 BENEDICTI
713 2677 943 2743 ΑΒΒΑΤΙΒ.1

299 2830 482 2891 oealalruorist
504 2830 601 2893 halgeue
686 2831 743 2892 plite
821 2846 837 2893 Ἰ
925 2828 994 2891 myht

299 2894 428 2958 Christe
455 2905 637 2957 sanctorum
665 2894 762 2958 decus
783 2906 882 2978 atque
909 2894 1013 2955 virtus

331 2997 360 3044 lif
420 3011 436 3057 Ἰ
497 2997 539 3059 hip
595 3012 640 3060 peg
671 2997 735 3045 leoht
768 3013 784 3060 Ἰ
834 2997 911 3044 ealdor

298 3061 378 3125 Vita
404 3070 437 3122 et
463 3059 567 3122 forma
593 3061 645 3123 via
672 3061 732 3123 lux
759 3072 792 3123 et
817 3070 930 3123 auctor

331 3161 470 3210 eodmoddra
519 3160 590 3208 behit
650 3163 756 3224 *Jsumod
841 3161 931 3223 lofsang

301 3225 495 3310 Supplicum
518 3235 592 3288 vota
615 3226 801 3310 pariterque
825 3230 960 3309 y‘mnum

654 3328 766 3377 underfoh
814 3328 937 3375 mildheort

645 3392 780 3478 Suscipe
808 3392 957 3457 clemens.

306 3497 339 3557 pu
349 3492 382 3542 iio
415 3495 485 3556 pinne
545 3494 624 3556 gesem
916 3501 941 3542 to
968 3495 998 3555 be

299 3559 368 3625 Qui
397 3569 491 3622 tuum
517 3558 640 3622 dudum
663 3559 878 3622 Benedictum
905 3557 945 3621 ad
971 3567 1004 3620 te

347 3661 431 3708 teonde
474 3660 607 3723 punderlioe
623 3660 768 3708 asindrodest
788 3660 952 3707 middenearda

299 3723 478 3787 Attrahens
502 3725 581 3786 mire
605 3724 780 3807 segregasti
806 3723 927 3786 mundo

309 3824 588 3889 topemyssaporulde
624 3824 734 3888 pilnaoan
773 3825 920 3889 leomigende

299 3889 347 3952 Ut
369 3912 467 3974 prava
493 3889 570 3953 secli
596 3890 768 3973 reprobare
792 3891 917 3954 discens

656 3994 685 4052 ba
731 3992 794 4052 'phe
804 3993 894 4055 folgode

645 4055 691 4119 Te
717 4069 919 4140 sequeretur.

485 4202 488 4207 ·
510 4190 517 4218 ¹
535 4191 638 4238 Durham
651 4192 714 4247 MS..
727 4191 766 4238 fol.
776 4191 807 4237 20
816 4193 840 4239 b.

1138 424 1182 486 69
