2896 4844
405 471 651 517 suono-snos
675 471 904 518 nrnnnnrun.
1092 457 1147 520 151
1233 442 1236 447 ’

406 611 559 675 Latronis
585 633 626 673 en
654 610 815 675 confessio

364 714 486 778 Christi
510 721 657 775 meretur
681 697 819 794 gratiam

362 817 450 880 Laus
476 825 588 878 nostra
608 813 660 877 vel
686 815 820 878 devotio

362 920 530 983 Mercetur
555 915 804 999 indulgentiam.
910 903 912 907 ¹
933 925 935 928 ’

403 1020 496 1083 Mors
522 1040 580 1102 per
604 1039 732 1080 crucem
756 1041 844 1082 nuno
869 1020 983 1084 interit

362 1122 409 1186 Et
432 1133 506 1206 post
531 1121 683 1184 tenebras
709 1120 771 1184 lux
794 1121 882 1184 redit

364 1225 491 1288 Horror
517 1223 639 1286 deiscat
665 1223 837 1286 criminum

363 1325 524 1410 Splendor
549 1321 688 1387 nitescat
710 1323 880 1387 mentium.

448 1425 563 1491 Gloria
587 1423 665 1488 Tibi
689 1423 841 1488 Trinitas.

160 1726 328 1792 YMNUS
361 1726 414 1792 IN
441 1725 637 1793 NATALE
668 1725 848 1790 DOMINI
880 1725 1137 1792 CANENDUS

482 1827 548 1892 AD
578 1827 826 1892 TERTIAM.¹

408 2001 536 2065 Christe
562 2002 622 2065 hac
644 2002 726 2065 hora
751 2002 850 2065 tertia

364 2104 437 2167 Tua
462 2125 520 2166 nos
543 2102 632 2186 reple
656 2101 762 2184 gratia

366 2204 509 2268 Caritate
536 2214 570 2267 et
592 2203 734 2266 fervidos

363 2305 433 2369 Nos
457 2315 649 2389 nostrosque
675 2304 726 2368 fac
750 2305 928 2389 proximos.

407 2405 469 2471 Ille
492 2407 584 2473 Deus
606 2405 792 2491 paraclytus

362 2509 492 2574 Nostris
517 2531 603 2572 nunc
627 2507 712 2571 adsit
738 2507 891 2571 cordibus

361 2612 402 2676 In
426 2612 487 2675 hac
510 2610 591 2674 hora
617 2609 675 2693 qui
698 2608 816 2672 rutilos

362 2711 581 2777 Inflammavit
602 2709 788 2794 Apostolos.

405 2815 518 2878 Presta
540 2814 602 2877 hoo
625 2811 716 2876 Deus
740 2811 883 2876 Trinitas
1015 2830 1018 2836 ·

362 2918 438 2982 Una
463 2926 496 2979 et
520 2935 650 2998 compar
672 2914 788 2977 Deitas

362 3019 426 3083 Cui
451 3017 522 3080 laus
546 3015 650 3077 virtus
673 3013 779 3097 gloria

361 3121 460 3184 Nunc
484 3128 516 3180 et
536 3125 654 3179 cuncta
676 3136 737 3199 per
759 3117 877 3181 secula.

855 3220 972 3286 Amen.

370 3528 436 3592 An
468 3528 668 3615 snxTAM
698 3527 931 3594 ΗΥΜΝυε.2

403 3681 506 3746 Sexta
532 3694 618 3747 etate
642 3685 766 3768 virgine

359 3781 429 3848 Qui
450 3793 546 3847 natus
571 3805 605 3846 es
628 3806 688 3868 pro
711 3785 842 3848 homine

357 3884 421 3948 Fac
446 3908 505 3948 nos
529 3896 640 3948 octava
666 3906 791 3949 sumere

357 3985 456 4049 Etate
480 3995 599 4048 sortem
624 3984 739 4080 glorie.

175 4182 181 4212 ¹
200 4182 263 4231 Cott·
275 4179 331 4228 MS·
343 4179 416 4241 Vssp.
427 4179 458 4227 D.
467 4180 510 4227 xii.
521 4180 561 4228 fol.
571 4183 611 4228 39.
676 4181 686 4210 ²
703 4182 765 4230 coo.
775 4183 831 4232 MS.
845 4183 914 4244 Vesp.
927 4182 957 4230 D.
965 4182 1006 4232 xii.
1018 4183 1057 4233 sol.
1067 4188 1097 4234 39
1105 4190 1126 4238 b.
