2896 4844
452 462 698 506 ANGLO·sAx0N
723 461 951 505 HYMNARIUM.

438 735 540 799 1Jesu
563 735 766 820 Redemptor
790 734 891 799 seculi

418 835 568 900 Verbum
588 836 696 900 Patris
720 818 867 900 altisiimi

418 937 497 1000 Lux
518 936 600 1000 lucis
624 936 798 1001 invisibilis

418 1038 537 1102 Custos
561 1049 693 1102 tuorum
716 1038 863 1122 pervigil.

463 1141 517 1204 Tu
542 1138 716 1202 fabricator
742 1140 885 1203 omnium

419 1240 589 1305 Discretor
612 1251 711 1323 atque
736 1251 917 1324 temporum

418 1341 515 1404 Fessa
541 1340 652 1404 labore
678 1363 811 1425 corpora

421 1442 538 1506 Noctis
565 1444 675 1526 quiete
700 1462 818 1504 recrea.

463 1544 511 1607 Te
538 1543 747 1627 deprecamur
772 1541 936 1625 supplices

422 1646 471 1708 Ut
492 1666 550 1706 nos
576 1646 616 1707 ab
639 1643 733 1706 hoste
758 1642 876 1706 liberes

419 1746 472 1809 Ne
494 1745 600 1809 valeat
623 1746 774 1808 seducere

419 1847 493 1910 Tuo
514 1849 699 1932 redemptor
721 1846 887 1930 sanguine.

464 1948 513 2012 Ut
539 1950 617 2012 dum
643 1947 731 2031 gravi
755 1948 789 2009 in
813 1968 947 2030 corpore
1039 2001 1040 2004 ,

421 2049 519 2112 Brevi
543 2070 709 2111 manemus
732 2058 878 2130 tempore

423 2150 477 2213 Sic
502 2171 574 2212 caro
598 2158 708 2210 nostra
732 2146 868 2208 dormiat

423 2252 471 2314 At
494 2273 584 2314 mens
607 2272 720 2333 sopore
746 2247 879 2310 nesciat.

465 2352 580 2416 Gloria
599 2351 676 2414 Tibi
698 2350 840 2413 Domine

421 2457 491 2524 Qui
515 2453 687 2519 surrexisti
712 2475 731 2514 a
753 2451 890 2514 mortuis

424 2559 507 2622 Cum
530 2557 627 2620 Patre
652 2567 685 2619 et
709 2554 827 2617 Sancto
852 2552 978 2636 Spiritu

421 2660 461 2722 In
487 2659 682 2742 sempiterna
705 2656 823 2720 secula.

784 2756 901 2822 Amen.
980 2827 989 2842 ἱ

320 3057 372 3121 ΙΝ
402 3054 550 3119 FESTO
582 3054 621 3117 B.
646 3051 819 3117 MARIAE
849 3049 1097 3114 vlnerum?

464 3231 493 3293 0
520 3228 660 3313 gloriosa
685 3227 807 3290 femina

423 3331 564 3396 Excelsa
590 3355 687 3416 super
713 3330 818 3393 sidera

422 3434 492 3500 Qui
515 3443 546 3496 te
573 3431 693 3497 creavit
715 3432 847 3516 provide

423 3536 539 3598 Lactas
565 3546 685 3598 sacrato
711 3536 822 3598 ubere.

464 3636 565 3702 Quod
586 3636 657 3698 Eva
682 3636 785 3698 tristis
809 3635 944 3699 abstulit

320 3813 324 3820 1
423 3737 475 3799 Tu
497 3732 605 3797 reddis
631 3734 715 3797 almo
738 3735 882 3818 germine

424 3837 553 3898 Intrent
576 3846 614 3898 ut
639 3845 723 3899 astra
746 3835 872 3899 flebiles

422 3937 494 4001 Celi
516 3937 659 4000 fenestra
682 3936 767 4001 facta
793 3961 836 4001 es.

241 4129 246 4158 ¹
265 4128 332 4176 Harl.
342 4126 397 4174 MS.
408 4123 616 4182 2961‚f01.219b.
746 4121 756 4150 ²
774 4124 840 4171 Harl.
850 4124 904 4172 MS.
916 4123 987 4180 2961,
998 4121 1037 4168 fol.
1044 4123 1088 4170 231
1100 4123 1122 4169 b.
