2896 4844
414 460 660 504 ANGLO-SAXON
686 463 913 506 HYMNARIUM.

248 599 357 663 Ambo
382 600 514 697 lucemp
539 613 573 665 et
599 603 696 666 decus
719 601 855 699 ecclesip

247 699 285 762 In
312 705 389 766 orbe
416 703 502 767 claro
527 705 719 768 choruscant
739 701 928 765 vibramine.

290 803 319 867 O
343 804 449 868 Roma
474 805 556 869 felix
584 828 647 890 que
663 804 836 883 ,tantorum
861 802 1047 888 principum
1130 824 1132 829 ⁴

243 902 290 967 Es
312 918 493 990 purpurata
517 907 664 992 precioso
689 905 846 988 sanguine

244 1004 392 1068 Excellis
418 1030 546 1070 omnem
570 1007 683 1070 mundi
708 1004 987 1090 pulchritudinem

243 1104 321 1169 Non
346 1106 441 1171 laude
465 1120 523 1172 tua
549 1109 605 1171 sed
629 1118 812 1172 sanctorum
836 1106 960 1169 meritis

244 1207 337 1273 Quos
365 1211 542 1274 cruentatis
564 1209 726 1294 jugulasti
749 1207 876 1291 gladiis.

284 1308 354 1372 Vos
378 1332 455 1393 ergo
479 1311 575 1374 modo
600 1308 734 1394 gloriosi
758 1318 916 1392 martyres

128 1418 131 1423 ’
241 1407 339 1472 Petre
365 1412 459 1475 beate
484 1412 585 1476 Paule
610 1411 724 1475 mundi
749 1410 856 1473 lilium

240 1509 377 1575 Celestis
404 1513 479 1614 aulp
504 1513 719 1598 triumphales
745 1511 867 1574 milites

242 1611 401 1677 Precibus
424 1614 517 1677 almis
539 1614 654 1679 vestris
677 1636 736 1676 nos
760 1614 800 1676 ab
824 1610 975 1674 omnibus

241 1712 374 1778 Munite
400 1715 491 1779 malis
517 1716 601 1779 ferte
628 1736 725 1799 super
748 1713 888 1778 aethera.

283 1814 400 1878 Gloria
423 1817 496 1881 Deo
520 1823 595 1902 per1
611 1819 768 1880 immensa
791 1814 900 1879 secula

241 1917 293 1980 Sit
316 1917 394 1982 Tibi
417 1919 504 1982 Nate
530 1920 628 1984 decus
652 1931 686 1983 et
709 1919 883 2004 imperium

240 2019 357 2082 Honor
381 2032 525 2104 potestas
553 2022 738 2105 Sancteque
764 2020 904 2105 Spiritui

239 2120 292 2184 Sit
315 2121 469 2185 Trinitati
493 2122 579 2185 salus
604 2121 774 2184 individua

239 2223 303 2286 Per
328 2223 457 2287 infinita
480 2223 664 2287 seculorum
690 2221 807 2286 secula.

352 2579 417 2641 DE
449 2578 636 2642 SANCTA
667 2573 958 2639 ΤΒΙΝΙΤΑΤΕ.2

409 2758 534 2821 Adesto
563 2758 682 2821 Sancta
708 2757 851 2820 Trinitas

367 2858 430 2920 Par
456 2859 609 2943 splendor
631 2882 697 2922 una
720 2859 836 2922 Deitas

364 2960 433 3027 Qui
460 2971 554 3024 extas
580 2983 689 3023 rerum
715 2961 859 3023 omniurn

366 3061 443 3124 Sine
468 3062 532 3125 fine
556 3062 751 3146 principum.

407 3164 454 3226 Te
479 3162 622 3259 eplorum
648 3163 766 3226 militia

364 3265 492 3330 Laudat
515 3266 627 3330 adorat
649 3266 795 3350 predicat

364 3367 566 3452 Triplexque
590 3367 705 3431 mundi
728 3367 876 3430 machina

364 3467 535 3531 Benedicit
557 3492 616 3553 per
640 3468 775 3533 saecula.

404 3569 564 3633 Assumus
589 3582 623 3632 et
648 3591 707 3633 nos
731 3570 842 3632 cernui

360 3669 408 3731 Te
432 3668 600 3731 adorantes
624 3667 739 3730 famuli

357 3769 448 3853 Vota
472 3790 650 3853 precesque
676 3769 861 3852 supplicum

361 3869 476 3933 Ymnis
498 3871 600 3953 junge
628 3869 825 3936 caelestium.

406 4101 412 4131 ¹
429 4104 514 4151 Added
526 4104 550 4150 in
561 4119 575 4150 a
585 4103 643 4151 later
654 4103 715 4151 band
726 4105 751 4152 in
764 4106 817 4154 MS.
825 4107 906 4155 Vitell.

403 4166 413 4196 ²
429 4168 491 4216 con.
504 4168 559 4216 Ma·
571 4168 641 4230 vesp.
653 4169 683 4216 D.
691 4169 733 4216 xii.
745 4171 791 4218 115
802 4172 826 4219 b.

990 4257 1013 4300 Y

1103 445 1158 506 161
