2896 4844
256 435 299 497 68
509 456 754 500 hunno-saxon
779 456 1008 501 urnuanruu.

511 611 556 673 gyf
574 612 725 674 hupilrraecst
745 611 794 675 hpa
833 611 927 676 forgyfd

515 675 550 737 Si
574 675 706 740 rennuis
730 676 803 760 quis
828 677 951 741 tribuet

489 776 593 839 gemiltsa
614 776 826 842 forPiPemihtig
843 781 935 840 hueart
1000 810 1011 841 ,

471 840 610 924 Indulge
637 843 713 926 quia
738 855 854 927 potens
878 866 912 907 es

468 943 514 1004 gyf
526 943 800 1004 onheortanpebiddnn
836 945 920 993 olanre

471 1007 507 1070 Si
533 1008 628 1071 eorde
652 1030 801 1092 rogamus
824 1009 945 1072 mundo

472 1110 753 1173 gepirrlicehueeealtos
816 1112 900 1162 behate

471 1173 567 1238 Certe
591 1176 688 1240 debes
712 1200 755 1239 ex
780 1176 949 1262 promisso.

511 1277 644 1326 eomortlioe
654 1279 766 1326 underfoh
857 1294 898 1326 ure

512 1341 602 1424 Ergo
628 1353 794 1426 aeceptare
820 1352 967 1405 nostrum

473 1444 545 1505 huba
560 1444 695 1507 gehalgodea
757 1446 840 1494 fasten

468 1507 538 1572 Qui
562 1510 691 1572 sacrasti
713 1511 878 1595 jejunium

472 1626 502 1657 on
515 1612 547 1671 175
589 1611 690 1673 rynelioe
746 1613 862 1661 easterhce

468 1675 545 1740 Quo
571 1676 706 1758 mystice
729 1676 890 1759 paschalia

478 1790 508 1837 pe
518 1776 631 1824 underfon
711 1792 801 1838 gerynn

468 1839 640 1924 Capiamus
664 1850 870 1903 sacramenta.

509 1959 548 1990 seo
558 1943 644 1990 healioe
698 1959 725 1990 un
805 1946 824 2003 'fi
842 1944 939 1999 burhteo
951 1945 962 1991 l
973 1944 1062 2007 forgyfe

510 2006 643 2070 Summa
667 2008 761 2070 nobis
786 2007 847 2070 hoc
872 2009 1015 2072 conferat

469 2126 499 2157 on
509 2111 684 2188 godcundnysre
695 2113 813 2188 hrynnyss

465 2174 505 2237 In
530 2175 649 2238 deitate
674 2176 818 2240 Tr1n1tas

469 2292 499 2323 on
527 2279 589 2338 lraera
659 2277 740 2338 uldreh
822 2294 852 2325 an

465 2339 505 2401 In
530 2363 595 2424 qua
620 2293 777 2424 gioriatur
803 2363 887 2404 unus

463 2443 538 2502 geond
581 2441 638 2489 ealle
697 2441 792 2504 porulda
850 2443 896 2504 god

465 2504 528 2567 Per
552 2515 668 2567 cuncta
691 2504 800 2567 secula
822 2504 925 2567 Deua.

853 2606 971 2671 Arnen.

319 2897 488 2963 YMNUS
520 2899 585 2963 DE
618 2898 803 2962 SANCTO
836 2895 1185 2962 CUTHBERHTO.¹

506 3082 648 3166 Magnus
673 3081 765 3145 miles
791 3078 951 3143 mirabilis

464 3185 582 3248 Multis
608 3184 766 3268 effulgens
791 3181 915 3245 meritis

463 3287 686 3350 Cuthberhtus
712 3307 797 3348 nunc
822 3306 895 3346 oum
918 3281 1062 3345 Domino

463 3386 596 3450 Gaudet
620 3386 753 3470 perenni
777 3383 912 3468 premio·

509 3488 621 3552 Carnis
646 3498 752 3551 terens
774 3483 923 3547 incendia

464 3589 569 3654 Corde
592 3588 729 3652 credidit
751 3585 894 3650 Domino

465 3693 594 3758 Caduca
618 3703 734 3757 cuncta
758 3699 964 3754 contemnens

465 3795 618 3860 Caritatis
645 3795 761 3861 officio

509 3897 607 3981 Legis
631 3896 782 3960 mandata
804 3893 937 3957 Domini

462 4001 585 4065 Laetus
609 3999 758 4085 implevit
784 4019 880 4082 opere

300 4185 308 4214 ¹
326 4186 429 4234 Durham
441 4184 606 4242 Ms.‚f01.2o,
618 4182 644 4230 in
656 4181 732 4229 which
745 4197 801 4242 copy
813 4179 833 4228 it
843 4179 863 4228 ir
878 4179 975 4227 without
985 4178 1026 4225 the
1039 4178 1114 4227 Saron
1125 4179 1196 4241 glori.
