<?xml version="1.0" encoding="UTF-8"?>
<!DOCTYPE html PUBLIC "-//W3C//DTD XHTML 1.0 Transitional//EN"
    "http://www.w3.org/TR/xhtml1/DTD/xhtml1-transitional.dtd">
<html xmlns="http://www.w3.org/1999/xhtml" xml:lang="en" lang="en">
 <head>
  <title>
</title>
<meta http-equiv="Content-Type" content="text/html;charset=utf-8" />
  <meta name='ocr-system' content='tesseract 3.04.00' />
  <meta name='ocr-capabilities' content='ocr_page ocr_carea ocr_par ocr_line ocrx_word'/>
</head>
<body>
  <div class='ocr_page' id='page_1' title='image "./latinhymnsanglo01stevgoog_0134.png"; bbox 0 0 2896 4844; ppageno 0'>
   <div class='ocr_carea' id='block_1_1' title="bbox 431 462 1186 532">
    <p class='ocr_par' dir='ltr' id='par_1_1' title="bbox 431 462 1186 532">
     <span class='ocr_line' id='line_1_1' title="bbox 431 462 1186 532; baseline -0.012 0"><span class='ocrx_word' id='word_1_1' title='bbox 431 486 678 532; x_wconf 67' lang='lat' dir='ltr'><strong>nuceo-snxon</strong></span> <span class='ocrx_word' id='word_1_2' title='bbox 704 485 931 529; x_wconf 73' lang='lat' dir='ltr'><strong>urnunniuu.</strong></span> <span class='ocrx_word' id='word_1_3' title='bbox 1130 462 1186 524; x_wconf 92' lang='lat' dir='ltr'><strong>lll</strong></span> 
     </span>
    </p>
   </div>
   <div class='ocr_carea' id='block_1_2' title="bbox 394 642 770 954">
    <p class='ocr_par' dir='ltr' id='par_1_2' title="bbox 552 642 736 704">
     <span class='ocr_line' id='line_1_2' title="bbox 552 642 736 704; baseline -0.016 -13"><span class='ocrx_word' id='word_1_4' title='bbox 552 643 662 691; x_wconf 79' lang='lat' dir='ltr'><strong>heofoner</strong></span> <span class='ocrx_word' id='word_1_5' title='bbox 676 642 736 704; x_wconf 69' lang='lat' dir='ltr'><strong>open</strong></span> 
     </span>
    </p>

    <p class='ocr_par' dir='ltr' id='par_1_3' title="bbox 394 707 770 954">
     <span class='ocr_line' id='line_1_3' title="bbox 440 707 770 789; baseline -0.012 -18"><span class='ocrx_word' id='word_1_6' title='bbox 440 708 547 771; x_wconf 85' lang='lat' dir='ltr'><strong>Maria</strong></span> <span class='ocrx_word' id='word_1_7' title='bbox 569 707 632 775; x_wconf 86' lang='lat' dir='ltr'><strong>celi</strong></span> <span class='ocrx_word' id='word_1_8' title='bbox 658 707 770 789; x_wconf 84' lang='lat' dir='ltr'><strong>regina</strong></span> 
     </span>
     <span class='ocr_line' id='line_1_4' title="bbox 404 780 729 870; baseline -0.012 -15"><span class='ocrx_word' id='word_1_9' title='bbox 404 824 434 855; x_wconf 90' lang='lat' dir='ltr'><strong>on</strong></span> <span class='ocrx_word' id='word_1_10' title='bbox 445 806 578 869; x_wconf 78' lang='lat' dir='ltr'><strong>holignyssc</strong></span> <span class='ocrx_word' id='word_1_11' title='bbox 591 780 729 870; x_wconf 69' lang='lat' dir='ltr'><strong>‘puldorfuu</strong></span> 
     </span>
     <span class='ocr_line' id='line_1_5' title="bbox 394 870 739 954; baseline -0.012 -19"><span class='ocrx_word' id='word_1_12' title='bbox 394 871 575 935; x_wconf 81' lang='lat' dir='ltr'><strong>Sanctitate</strong></span> <span class='ocrx_word' id='word_1_13' title='bbox 599 870 739 954; x_wconf 84' lang='lat' dir='ltr'><strong>gloriosa</strong></span> 
     </span>
    </p>
   </div>
   <div class='ocr_carea' id='block_1_3' title="bbox 394 969 1038 2576">
    <p class='ocr_par' dir='ltr' id='par_1_4' title="bbox 396 969 844 1194">
     <span class='ocr_line' id='line_1_6' title="bbox 405 969 762 1032; baseline -0.011 -15"><span class='ocrx_word' id='word_1_14' title='bbox 405 970 475 1032; x_wconf 77' lang='lat' dir='ltr'><strong>gehen</strong></span> <span class='ocrx_word' id='word_1_15' title='bbox 534 969 594 1017; x_wconf 85' lang='lat' dir='ltr'><strong>bena</strong></span> <span class='ocrx_word' id='word_1_16' title='bbox 702 970 762 1029; x_wconf 69' lang='lat' dir='ltr'><strong>pena</strong></span> 
     </span>
     <span class='ocr_line' id='line_1_7' title="bbox 396 1031 844 1117; baseline -0.009 -21"><span class='ocrx_word' id='word_1_17' title='bbox 396 1033 487 1096; x_wconf 85' lang='lat' dir='ltr'><strong>Audi</strong></span> <span class='ocrx_word' id='word_1_18' title='bbox 510 1056 621 1117; x_wconf 86' lang='lat' dir='ltr'>preces</span> <span class='ocrx_word' id='word_1_19' title='bbox 647 1031 844 1096; x_wconf 85' lang='lat' dir='ltr'><strong>famulorum</strong></span> 
     </span>
     <span class='ocr_line' id='line_1_8' title="bbox 511 1129 792 1194; baseline -0.007 -16"><span class='ocrx_word' id='word_1_20' title='bbox 511 1130 596 1194; x_wconf 82' lang='lat' dir='ltr'><strong>gebido</strong></span> <span class='ocrx_word' id='word_1_21' title='bbox 699 1129 792 1178; x_wconf 79' lang='lat' dir='ltr'><strong>drihten</strong></span> 
     </span>
    </p>

    <p class='ocr_par' dir='ltr' id='par_1_5' title="bbox 396 1147 852 1280">
     <span class='ocr_line' id='line_1_9' title="bbox 396 1147 852 1280; baseline -0.007 -21"><span class='ocrx_word' id='word_1_22' title='bbox 396 1147 443 1259; x_wconf 69' lang='lat' dir='ltr'><strong>dt</strong></span> <span class='ocrx_word' id='word_1_23' title='bbox 468 1197 640 1280; x_wconf 87' lang='lat' dir='ltr'><strong>deprecare</strong></span> <span class='ocrx_word' id='word_1_24' title='bbox 663 1193 852 1257; x_wconf 90' lang='lat' dir='ltr'><strong>Dominum.</strong></span> 
     </span>
    </p>

    <p class='ocr_par' dir='ltr' id='par_1_6' title="bbox 450 1289 967 1352">
     <span class='ocr_line' id='line_1_10' title="bbox 450 1289 967 1352; baseline -0.01 -11"><span class='ocrx_word' id='word_1_25' title='bbox 450 1292 520 1341; x_wconf 56' lang='lat' dir='ltr'><strong>occe</strong></span> <span class='ocrx_word' id='word_1_26' title='bbox 563 1293 629 1340; x_wconf 81' lang='lat' dir='ltr'><strong>ealne</strong></span> <span class='ocrx_word' id='word_1_27' title='bbox 671 1291 834 1339; x_wconf 84' lang='lat' dir='ltr'><strong>middaneard</strong></span> <span class='ocrx_word' id='word_1_28' title='bbox 884 1289 967 1352; x_wconf 75' lang='lat' dir='ltr'><strong>gescop</strong></span> 
     </span>
    </p>

    <p class='ocr_par' dir='ltr' id='par_1_7' title="bbox 401 1353 1003 1582">
     <span class='ocr_line' id='line_1_11' title="bbox 444 1353 1003 1424; baseline -0.016 -1"><span class='ocrx_word' id='word_1_29' title='bbox 444 1355 513 1424; x_wconf 84' lang='lat' dir='ltr'><strong>Qui</strong></span> <span class='ocrx_word' id='word_1_30' title='bbox 540 1367 648 1419; x_wconf 89' lang='lat' dir='ltr'><strong>totum</strong></span> <span class='ocrx_word' id='word_1_31' title='bbox 672 1355 829 1418; x_wconf 90' lang='lat' dir='ltr'><strong>mundum</strong></span> <span class='ocrx_word' id='word_1_32' title='bbox 856 1353 1003 1416; x_wconf 85' lang='lat' dir='ltr'><strong>condidit</strong></span> 
     </span>
     <span class='ocr_line' id='line_1_12' title="bbox 403 1450 985 1517; baseline -0.009 -15"><span class='ocrx_word' id='word_1_33' title='bbox 403 1471 433 1502; x_wconf 90' lang='lat' dir='ltr'><strong>on</strong></span> <span class='ocrx_word' id='word_1_34' title='bbox 466 1454 499 1502; x_wconf 64' lang='lat' dir='ltr'><strong>Se</strong></span> <span class='ocrx_word' id='word_1_35' title='bbox 514 1450 837 1517; x_wconf 59' lang='lat' dir='ltr'><strong>gehipodirceapenptnoss</strong></span> <span class='ocrx_word' id='word_1_36' title='bbox 979 1456 985 1463; x_wconf 92' lang='lat'><em>&#39;</em></span> 
     </span>
     <span class='ocr_line' id='line_1_13' title="bbox 401 1516 824 1582; baseline -0.002 0"><span class='ocrx_word' id='word_1_37' title='bbox 401 1518 441 1581; x_wconf 90' lang='lat' dir='ltr'><strong>In</strong></span> <span class='ocrx_word' id='word_1_38' title='bbox 466 1528 499 1582; x_wconf 92' lang='lat' dir='ltr'><strong>te</strong></span> <span class='ocrx_word' id='word_1_39' title='bbox 525 1518 684 1580; x_wconf 89' lang='lat' dir='ltr'><strong>formatus</strong></span> <span class='ocrx_word' id='word_1_40' title='bbox 710 1516 824 1581; x_wconf 87' lang='lat' dir='ltr'><strong>extitit</strong></span> 
     </span>
    </p>

    <p class='ocr_par' dir='ltr' id='par_1_8' title="bbox 401 1611 995 1929">
     <span class='ocr_line' id='line_1_14' title="bbox 425 1611 990 1680; baseline -0.011 -15"><span class='ocrx_word' id='word_1_41' title='bbox 425 1617 494 1680; x_wconf 63' lang='lat' dir='ltr'><strong>Paene</strong></span> <span class='ocrx_word' id='word_1_42' title='bbox 559 1617 603 1664; x_wconf 78' lang='lat' dir='ltr'><strong>erdl</strong></span> <span class='ocrx_word' id='word_1_43' title='bbox 643 1615 792 1663; x_wconf 78' lang='lat' dir='ltr'><strong>middaneard</strong></span> <span class='ocrx_word' id='word_1_44' title='bbox 831 1629 861 1661; x_wconf 82' lang='lat' dir='ltr'><strong>ne</strong></span> <span class='ocrx_word' id='word_1_45' title='bbox 904 1611 990 1661; x_wconf 70' lang='lat' dir='ltr'><strong>befeht</strong></span> 
     </span>
     <span class='ocr_line' id='line_1_15' title="bbox 401 1677 995 1761; baseline -0.012 -14"><span class='ocrx_word' id='word_1_46' title='bbox 401 1681 510 1747; x_wconf 82' lang='lat' dir='ltr'>Quem</span> <span class='ocrx_word' id='word_1_47' title='bbox 535 1691 624 1744; x_wconf 86' lang='lat' dir='ltr'><strong>totus</strong></span> <span class='ocrx_word' id='word_1_48' title='bbox 647 1680 788 1743; x_wconf 88' lang='lat' dir='ltr'><strong>mundus</strong></span> <span class='ocrx_word' id='word_1_49' title='bbox 815 1700 880 1741; x_wconf 91' lang='lat' dir='ltr'><strong>non</strong></span> <span class='ocrx_word' id='word_1_50' title='bbox 907 1677 995 1761; x_wconf 86' lang='lat' dir='ltr'><strong>capit</strong></span> 
     </span>
     <span class='ocr_line' id='line_1_16' title="bbox 411 1776 761 1841; baseline 0 -15"><span class='ocrx_word' id='word_1_51' title='bbox 411 1795 441 1826; x_wconf 91' lang='lat' dir='ltr'><strong>on</strong></span> <span class='ocrx_word' id='word_1_52' title='bbox 463 1779 544 1841; x_wconf 70' lang='lat' dir='ltr'><strong>pinum</strong></span> <span class='ocrx_word' id='word_1_53' title='bbox 572 1776 659 1826; x_wconf 61' lang='lat' dir='ltr'><strong>innosse</strong></span> <span class='ocrx_word' id='word_1_54' title='bbox 715 1777 761 1840; x_wconf 82' lang='lat' dir='ltr'><strong>laeg</strong></span> 
     </span>
     <span class='ocr_line' id='line_1_17' title="bbox 401 1841 797 1929; baseline -0.005 -23"><span class='ocrx_word' id='word_1_55' title='bbox 401 1843 442 1907; x_wconf 90' lang='lat' dir='ltr'><strong>In</strong></span> <span class='ocrx_word' id='word_1_56' title='bbox 467 1855 524 1907; x_wconf 88' lang='lat' dir='ltr'><strong>tuo</strong></span> <span class='ocrx_word' id='word_1_57' title='bbox 550 1853 661 1907; x_wconf 88' lang='lat' dir='ltr'><strong>ventre</strong></span> <span class='ocrx_word' id='word_1_58' title='bbox 681 1841 797 1929; x_wconf 84' lang='lat' dir='ltr'><strong>jacuit.</strong></span> 
     </span>
    </p>

    <p class='ocr_par' dir='ltr' id='par_1_9' title="bbox 460 1939 1038 2004">
     <span class='ocr_line' id='line_1_18' title="bbox 460 1939 1038 2004; baseline -0.009 -14"><span class='ocrx_word' id='word_1_59' title='bbox 460 1945 534 2004; x_wconf 65' lang='lat' dir='ltr'><strong>pysne</strong></span> <span class='ocrx_word' id='word_1_60' title='bbox 599 1957 627 1989; x_wconf 78' lang='lat' dir='ltr'><strong>ur</strong></span> <span class='ocrx_word' id='word_1_61' title='bbox 648 1942 708 1989; x_wconf 89' lang='lat' dir='ltr'><strong>beon</strong></span> <span class='ocrx_word' id='word_1_62' title='bbox 719 1939 1038 2003; x_wconf 78' lang='lat' dir='ltr'><strong>acennedbeforegepiuode</strong></span> 
     </span>
    </p>

    <p class='ocr_par' dir='ltr' id='par_1_10' title="bbox 394 2004 924 2249">
     <span class='ocr_line' id='line_1_19' title="bbox 444 2004 924 2088; baseline -0.008 -18"><span class='ocrx_word' id='word_1_63' title='bbox 444 2005 543 2070; x_wconf 91' lang='lat' dir='ltr'><strong>Hunc</strong></span> <span class='ocrx_word' id='word_1_64' title='bbox 567 2006 662 2069; x_wconf 86' lang='lat' dir='ltr'><strong>nobis</strong></span> <span class='ocrx_word' id='word_1_65' title='bbox 685 2005 772 2068; x_wconf 86' lang='lat' dir='ltr'><strong>nasci</strong></span> <span class='ocrx_word' id='word_1_66' title='bbox 798 2004 924 2088; x_wconf 85' lang='lat' dir='ltr'><strong>profuit</strong></span> 
     </span>
     <span class='ocr_line' id='line_1_20' title="bbox 394 2101 815 2164; baseline -0.017 -9"><span class='ocrx_word' id='word_1_67' title='bbox 394 2103 458 2156; x_wconf 16' lang='lat' dir='ltr'><strong>&#39;frum</strong></span> <span class='ocrx_word' id='word_1_68' title='bbox 475 2102 551 2151; x_wconf 59' lang='lat' dir='ltr'><strong>dende</strong></span> <span class='ocrx_word' id='word_1_69' title='bbox 607 2119 635 2150; x_wconf 79' lang='lat' dir='ltr'><strong>uo</strong></span> <span class='ocrx_word' id='word_1_70' title='bbox 662 2101 815 2164; x_wconf 78' lang='lat' dir='ltr'><strong>hegenerode</strong></span> 
     </span>
     <span class='ocr_line' id='line_1_21' title="bbox 403 2165 801 2249; baseline -0.005 -20"><span class='ocrx_word' id='word_1_71' title='bbox 403 2167 436 2229; x_wconf 84' lang='lat' dir='ltr'><strong>A</strong></span> <span class='ocrx_word' id='word_1_72' title='bbox 463 2177 567 2242; x_wconf 85' lang='lat' dir='ltr'><strong>morte</strong></span> <span class='ocrx_word' id='word_1_73' title='bbox 594 2189 652 2230; x_wconf 87' lang='lat' dir='ltr'><strong>nos</strong></span> <span class='ocrx_word' id='word_1_74' title='bbox 679 2165 801 2249; x_wconf 88' lang='lat' dir='ltr'><strong>eripuit</strong></span> 
     </span>
    </p>

    <p class='ocr_par' dir='ltr' id='par_1_11' title="bbox 401 2251 859 2412">
     <span class='ocr_line' id='line_1_22' title="bbox 419 2251 837 2326; baseline -0.01 -14"><span class='ocrx_word' id='word_1_75' title='bbox 419 2265 454 2312; x_wconf 81' lang='lat' dir='ltr'><strong>sor</strong></span> <span class='ocrx_word' id='word_1_76' title='bbox 518 2280 546 2312; x_wconf 78' lang='lat' dir='ltr'><strong>us</strong></span> <span class='ocrx_word' id='word_1_77' title='bbox 602 2263 691 2325; x_wconf 78' lang='lat' dir='ltr'><strong>hesylf</strong></span> <span class='ocrx_word' id='word_1_78' title='bbox 718 2251 837 2326; x_wconf 64' lang='lat' dir='ltr'><strong>pae&#39;rdead</strong></span> 
     </span>
     <span class='ocr_line' id='line_1_23' title="bbox 401 2328 859 2412; baseline -0.009 -20"><span class='ocrx_word' id='word_1_79' title='bbox 401 2329 466 2392; x_wconf 90' lang='lat' dir='ltr'><strong>Pro</strong></span> <span class='ocrx_word' id='word_1_80' title='bbox 490 2328 584 2393; x_wconf 85' lang='lat' dir='ltr'><strong>nobis</strong></span> <span class='ocrx_word' id='word_1_81' title='bbox 610 2329 685 2412; x_wconf 91' lang='lat' dir='ltr'><strong>Ipse</strong></span> <span class='ocrx_word' id='word_1_82' title='bbox 710 2337 859 2390; x_wconf 86' lang='lat' dir='ltr'><strong>mortuus</strong></span> 
     </span>
    </p>

    <p class='ocr_par' dir='ltr' id='par_1_12' title="bbox 402 2421 928 2576">
     <span class='ocr_line' id='line_1_24' title="bbox 419 2421 875 2490; baseline -0.013 -14"><span class='ocrx_word' id='word_1_83' title='bbox 419 2442 436 2488; x_wconf 71' lang='grc' dir='ltr'>Ἰ</span> <span class='ocrx_word' id='word_1_84' title='bbox 487 2442 516 2490; x_wconf 85' lang='lat' dir='ltr'><strong>pe</strong></span> <span class='ocrx_word' id='word_1_85' title='bbox 557 2427 616 2482; x_wconf 67' lang='lat' dir='ltr'><strong>burh</strong></span> <span class='ocrx_word' id='word_1_86' title='bbox 665 2425 720 2473; x_wconf 86' lang='lat' dir='ltr'><strong>hine</strong></span> <span class='ocrx_word' id='word_1_87' title='bbox 796 2421 875 2474; x_wconf 71' lang='lat' dir='ltr'><strong>libbat</strong></span> 
     </span>
     <span class='ocr_line' id='line_1_25' title="bbox 402 2489 928 2576; baseline -0.006 -22"><span class='ocrx_word' id='word_1_88' title='bbox 402 2491 449 2554; x_wconf 89' lang='lat' dir='ltr'><strong>Et</strong></span> <span class='ocrx_word' id='word_1_89' title='bbox 474 2514 532 2554; x_wconf 91' lang='lat' dir='ltr'><strong>nos</strong></span> <span class='ocrx_word' id='word_1_90' title='bbox 558 2514 617 2576; x_wconf 92' lang='lat' dir='ltr'><strong>per</strong></span> <span class='ocrx_word' id='word_1_91' title='bbox 643 2489 756 2575; x_wconf 89' lang='lat' dir='ltr'><strong>Ipsum</strong></span> <span class='ocrx_word' id='word_1_92' title='bbox 780 2489 928 2552; x_wconf 88' lang='lat' dir='ltr'><strong>vivimus.</strong></span> 
     </span>
    </p>
   </div>
   <div class='ocr_carea' id='block_1_4' title="bbox 858 2587 983 2650">
    <p class='ocr_par' dir='ltr' id='par_1_13' title="bbox 858 2587 983 2650">
     <span class='ocr_line' id='line_1_26' title="bbox 858 2587 983 2650; baseline 0 0"><span class='ocrx_word' id='word_1_93' title='bbox 858 2587 983 2650; x_wconf 87' lang='lat' dir='ltr'><strong>Gloria.</strong></span> 
     </span>
    </p>
   </div>
   <div class='ocr_carea' id='block_1_5' title="bbox 404 2691 897 4298">
    <p class='ocr_par' dir='ltr' id='par_1_14' title="bbox 404 2691 897 4298">
     <span class='ocr_line' id='line_1_27' title="bbox 580 2691 839 2740; baseline -0.012 0"><span class='ocrx_word' id='word_1_94' title='bbox 580 2692 671 2740; x_wconf 86' lang='lat' dir='ltr'><strong>maeden</strong></span> <span class='ocrx_word' id='word_1_95' title='bbox 736 2691 839 2738; x_wconf 85' lang='lat' dir='ltr'><strong>maedena</strong></span> 
     </span>
     <span class='ocr_line' id='line_1_28' title="bbox 445 2755 866 2840; baseline -0.01 -21"><span class='ocrx_word' id='word_1_96' title='bbox 445 2755 552 2819; x_wconf 83' lang='lat' dir='ltr'><strong>Maria</strong></span> <span class='ocrx_word' id='word_1_97' title='bbox 573 2755 678 2840; x_wconf 87' lang='lat' dir='ltr'><strong>Virgo</strong></span> <span class='ocrx_word' id='word_1_98' title='bbox 704 2755 866 2838; x_wconf 84' lang='lat' dir='ltr'><strong>virginum</strong></span> 
     </span>
     <span class='ocr_line' id='line_1_29' title="bbox 433 2852 787 2918; baseline -0.008 -15"><span class='ocrx_word' id='word_1_99' title='bbox 433 2854 506 2918; x_wconf 66' lang='lat' dir='ltr'><strong>gehyr</strong></span> <span class='ocrx_word' id='word_1_100' title='bbox 554 2853 631 2903; x_wconf 80' lang='lat' dir='ltr'><strong>behdd</strong></span> <span class='ocrx_word' id='word_1_101' title='bbox 679 2852 787 2916; x_wconf 62' lang='lat' dir='ltr'><strong>peopena</strong></span> 
     </span>
     <span class='ocr_line' id='line_1_30' title="bbox 404 2919 824 2981; baseline -0.007 0"><span class='ocrx_word' id='word_1_102' title='bbox 404 2919 537 2981; x_wconf 86' lang='lat' dir='ltr'><strong>Exaudi</strong></span> <span class='ocrx_word' id='word_1_103' title='bbox 559 2928 635 2981; x_wconf 86' lang='lat' dir='ltr'><strong>vota</strong></span> <span class='ocrx_word' id='word_1_104' title='bbox 661 2939 824 2980; x_wconf 85' lang='lat' dir='ltr'><strong>servorum</strong></span> 
     </span>
     <span class='ocr_line' id='line_1_31' title="bbox 408 3006 835 3078; baseline -0.007 -15"><span class='ocrx_word' id='word_1_105' title='bbox 408 3015 537 3078; x_wconf 78' lang='lat' dir='ltr'><strong>geornfulre</strong></span> <span class='ocrx_word' id='word_1_106' title='bbox 548 3016 606 3064; x_wconf 88' lang='lat' dir='ltr'><strong>bene</strong></span> <span class='ocrx_word' id='word_1_107' title='bbox 650 3030 679 3063; x_wconf 77' lang='lat' dir='ltr'><strong>ua</strong></span> <span class='ocrx_word' id='word_1_108' title='bbox 738 3006 835 3077; x_wconf 75' lang='lat' dir='ltr'><strong>geheald</strong></span> 
     </span>
     <span class='ocr_line' id='line_1_32' title="bbox 405 3080 865 3164; baseline -0.011 -21"><span class='ocrx_word' id='word_1_109' title='bbox 405 3080 483 3164; x_wconf 82' lang='lat' dir='ltr'><strong>Jugi</strong></span> <span class='ocrx_word' id='word_1_110' title='bbox 506 3102 602 3164; x_wconf 90' lang='lat' dir='ltr'><strong>prece</strong></span> <span class='ocrx_word' id='word_1_111' title='bbox 628 3101 686 3143; x_wconf 91' lang='lat' dir='ltr'><strong>nos</strong></span> <span class='ocrx_word' id='word_1_112' title='bbox 713 3099 865 3141; x_wconf 89' lang='lat' dir='ltr'><strong>conserva</strong></span> 
     </span>
     <span class='ocr_line' id='line_1_33' title="bbox 424 3175 791 3241; baseline -0.011 -15"><span class='ocrx_word' id='word_1_113' title='bbox 424 3192 441 3241; x_wconf 80' lang='lat'><em>7</em></span> <span class='ocrx_word' id='word_1_114' title='bbox 484 3177 516 3226; x_wconf 60' lang='lat' dir='ltr'><strong>&amp;e</strong></span> <span class='ocrx_word' id='word_1_115' title='bbox 543 3176 690 3240; x_wconf 60' lang='lat' dir='ltr'><strong>purssigende</strong></span> <span class='ocrx_word' id='word_1_116' title='bbox 738 3175 791 3238; x_wconf 88' lang='lat' dir='ltr'>help</span> 
     </span>
     <span class='ocr_line' id='line_1_34' title="bbox 408 3240 835 3325; baseline -0.007 -19"><span class='ocrx_word' id='word_1_117' title='bbox 408 3241 455 3306; x_wconf 86' lang='lat' dir='ltr'><strong>Ac</strong></span> <span class='ocrx_word' id='word_1_118' title='bbox 483 3253 515 3305; x_wconf 91' lang='lat' dir='ltr'><strong>te</strong></span> <span class='ocrx_word' id='word_1_119' title='bbox 541 3241 685 3305; x_wconf 86' lang='lat' dir='ltr'><strong>colentes</strong></span> <span class='ocrx_word' id='word_1_120' title='bbox 708 3240 835 3325; x_wconf 86' lang='lat' dir='ltr'><strong>adjuva.</strong></span> 
     </span>
     <span class='ocr_line' id='line_1_35' title="bbox 455 3337 863 3402; baseline -0.01 -13"><span class='ocrx_word' id='word_1_121' title='bbox 455 3356 485 3402; x_wconf 76' lang='lat' dir='ltr'><strong>pe</strong></span> <span class='ocrx_word' id='word_1_122' title='bbox 497 3337 629 3398; x_wconf 63' lang='lat' dir='ltr'><strong>brirtloecass</strong></span> <span class='ocrx_word' id='word_1_123' title='bbox 646 3339 757 3388; x_wconf 82' lang='lat' dir='ltr'><strong>eadmodc</strong></span> <span class='ocrx_word' id='word_1_124' title='bbox 775 3337 863 3387; x_wconf 83' lang='lat' dir='ltr'><strong>biddan</strong></span> 
     </span>
     <span class='ocr_line' id='line_1_36' title="bbox 447 3404 876 3489; baseline -0.007 -21"><span class='ocrx_word' id='word_1_125' title='bbox 447 3404 617 3468; x_wconf 86' lang='lat' dir='ltr'><strong>Audemus</strong></span> <span class='ocrx_word' id='word_1_126' title='bbox 643 3404 739 3489; x_wconf 90' lang='lat' dir='ltr'><strong>proni</strong></span> <span class='ocrx_word' id='word_1_127' title='bbox 763 3425 876 3486; x_wconf 84' lang='lat' dir='ltr'><strong>rogare</strong></span> 
     </span>
     <span class='ocr_line' id='line_1_37' title="bbox 414 3501 837 3566; baseline -0.005 -14"><span class='ocrx_word' id='word_1_128' title='bbox 414 3501 517 3566; x_wconf 60' lang='lat' dir='ltr'><strong>gehymn</strong></span> <span class='ocrx_word' id='word_1_129' title='bbox 590 3519 630 3552; x_wconf 84' lang='lat' dir='ltr'><strong>ure</strong></span> <span class='ocrx_word' id='word_1_130' title='bbox 704 3502 837 3566; x_wconf 80' lang='lat' dir='ltr'><strong>gemedema</strong></span> 
     </span>
     <span class='ocr_line' id='line_1_38' title="bbox 404 3568 837 3650; baseline -0.007 -19"><span class='ocrx_word' id='word_1_131' title='bbox 404 3568 530 3631; x_wconf 86' lang='lat' dir='ltr'><strong>Audire</strong></span> <span class='ocrx_word' id='word_1_132' title='bbox 553 3580 679 3631; x_wconf 83' lang='lat' dir='ltr'><strong>nostros</strong></span> <span class='ocrx_word' id='word_1_133' title='bbox 706 3568 837 3650; x_wconf 84' lang='lat' dir='ltr'><strong>dignare</strong></span> 
     </span>
     <span class='ocr_line' id='line_1_39' title="bbox 415 3659 887 3728; baseline -0.008 -15"><span class='ocrx_word' id='word_1_134' title='bbox 415 3681 446 3713; x_wconf 92' lang='lat' dir='ltr'><strong>on</strong></span> <span class='ocrx_word' id='word_1_135' title='bbox 468 3667 548 3728; x_wconf 66' lang='lat' dir='ltr'><strong>pinum</strong></span> <span class='ocrx_word' id='word_1_136' title='bbox 579 3664 628 3712; x_wconf 78' lang='lat' dir='ltr'><strong>lofn</strong></span> <span class='ocrx_word' id='word_1_137' title='bbox 669 3663 814 3725; x_wconf 57' lang='lat' dir='ltr'><strong>purcmyntc</strong></span> <span class='ocrx_word' id='word_1_138' title='bbox 885 3659 887 3663; x_wconf 76' lang='grc'><strong>’</strong></span> 
     </span>
     <span class='ocr_line' id='line_1_40' title="bbox 408 3728 802 3792; baseline -0.01 0"><span class='ocrx_word' id='word_1_139' title='bbox 408 3729 448 3792; x_wconf 91' lang='lat' dir='ltr'><strong>In</strong></span> <span class='ocrx_word' id='word_1_140' title='bbox 471 3741 531 3792; x_wconf 88' lang='lat' dir='ltr'><strong>tuo</strong></span> <span class='ocrx_word' id='word_1_141' title='bbox 555 3728 655 3792; x_wconf 84' lang='lat' dir='ltr'><strong>melos</strong></span> <span class='ocrx_word' id='word_1_142' title='bbox 680 3728 802 3791; x_wconf 86' lang='lat' dir='ltr'><strong>honore</strong></span> 
     </span>
     <span class='ocr_line' id='line_1_41' title="bbox 423 3825 796 3888; baseline -0.005 -14"><span class='ocrx_word' id='word_1_143' title='bbox 423 3841 441 3888; x_wconf 66' lang='grc' dir='ltr'>Ἰ</span> <span class='ocrx_word' id='word_1_144' title='bbox 489 3827 525 3874; x_wconf 84' lang='lat' dir='ltr'><strong>for</strong></span> <span class='ocrx_word' id='word_1_145' title='bbox 589 3825 618 3874; x_wconf 81' lang='lat' dir='ltr'><strong>do</strong></span> <span class='ocrx_word' id='word_1_146' title='bbox 725 3825 796 3888; x_wconf 65' lang='lat' dir='ltr'><strong>lainga</strong></span> 
     </span>
     <span class='ocr_line' id='line_1_42' title="bbox 407 3889 856 3975; baseline 0 -21"><span class='ocrx_word' id='word_1_147' title='bbox 407 3890 458 3954; x_wconf 89' lang='lat' dir='ltr'><strong>Ac</strong></span> <span class='ocrx_word' id='word_1_148' title='bbox 481 3913 542 3975; x_wconf 90' lang='lat' dir='ltr'><strong>pro</strong></span> <span class='ocrx_word' id='word_1_149' title='bbox 565 3889 659 3953; x_wconf 90' lang='lat' dir='ltr'><strong>nobis</strong></span> <span class='ocrx_word' id='word_1_150' title='bbox 683 3889 856 3954; x_wconf 89' lang='lat' dir='ltr'><strong>intercede.</strong></span> 
     </span>
     <span class='ocr_line' id='line_1_43' title="bbox 466 3988 867 4052; baseline -0.005 -16"><span class='ocrx_word' id='word_1_151' title='bbox 466 3988 554 4052; x_wconf 70' lang='lat' dir='ltr'><strong>gepeod</strong></span> <span class='ocrx_word' id='word_1_152' title='bbox 587 3988 697 4051; x_wconf 75' lang='lat' dir='ltr'><strong>pendam</strong></span> <span class='ocrx_word' id='word_1_153' title='bbox 740 3988 867 4050; x_wconf 74' lang='lat' dir='ltr'><strong>angelicum</strong></span> 
     </span>
     <span class='ocr_line' id='line_1_44' title="bbox 449 4051 897 4134; baseline -0.009 -18"><span class='ocrx_word' id='word_1_154' title='bbox 449 4052 569 4116; x_wconf 86' lang='lat' dir='ltr'><strong>Juncta</strong></span> <span class='ocrx_word' id='word_1_155' title='bbox 595 4052 701 4115; x_wconf 89' lang='lat' dir='ltr'><strong>choris</strong></span> <span class='ocrx_word' id='word_1_156' title='bbox 731 4051 897 4134; x_wconf 84' lang='lat' dir='ltr'><strong>Angelicis</strong></span> 
     </span>
     <span class='ocr_line' id='line_1_45' title="bbox 432 4149 816 4214; baseline -0.003 -16"><span class='ocrx_word' id='word_1_157' title='bbox 432 4167 460 4198; x_wconf 77' lang='lat' dir='ltr'><strong>un</strong></span> <span class='ocrx_word' id='word_1_158' title='bbox 508 4149 582 4214; x_wconf 79' lang='lat' dir='ltr'>gehael</span> <span class='ocrx_word' id='word_1_159' title='bbox 608 4150 656 4198; x_wconf 90' lang='lat' dir='ltr'><strong>mid</strong></span> <span class='ocrx_word' id='word_1_160' title='bbox 667 4150 816 4212; x_wconf 76' lang='lat' dir='ltr'><strong>mundbyrdfi</strong></span> 
     </span>
     <span class='ocr_line' id='line_1_46' title="bbox 409 4214 802 4298; baseline -0.005 -21"><span class='ocrx_word' id='word_1_161' title='bbox 409 4216 479 4277; x_wconf 89' lang='lat' dir='ltr'><strong>Nos</strong></span> <span class='ocrx_word' id='word_1_162' title='bbox 505 4214 591 4277; x_wconf 90' lang='lat' dir='ltr'><strong>salva</strong></span> <span class='ocrx_word' id='word_1_163' title='bbox 615 4215 802 4298; x_wconf 89' lang='lat' dir='ltr'><strong>patrociniis</strong></span> 
     </span>
    </p>
   </div>
   <div class='ocr_carea' id='block_1_6' title="bbox 0 0 1452 4844">
    <p class='ocr_par' dir='ltr' id='par_1_15' title="bbox 0 0 1452 4844">
     <span class='ocr_line' id='line_1_47' title="bbox 0 0 1452 4844; baseline 0 3"><span class='ocrx_word' id='word_1_164' title='bbox 0 0 1452 4844; x_wconf 95' lang='lat' dir='ltr'><strong> </strong></span> 
     </span>
    </p>
   </div>
  </div>
 </body>
</html>
