2896 4844
461 458 707 503 ANGLO-SAXON
734 457 966 502 HYMNARIUM·

547 832 669 897 ITEM
704 831 899 896 ΥΜΝΠΒ.ι

661 1010 741 1056 moder
788 1008 894 1056 drihtnes

511 1073 618 1137 Maria
640 1074 750 1137 Mater
772 1073 908 1136 Domini
998 1134 1000 1136 ,

479 1173 529 1236 Ρωε
540 1190 595 1222 eean
638 1175 734 1223 laederes
766 1191 824 1224 suna

468 1238 598 1301 AEterni
626 1238 733 1302 Patris
756 1240 834 1302 Filii

468 1341 537 1402 bring
569 1341 639 1402 spede
709 1357 737 1388 us
817 1341 900 1388 eallum

468 1406 531 1468 Fer
555 1426 650 1489 opem
676 1405 770 1469 nobis
793 1404 944 1468 omnibus

485 1514 509 1554 to
549 1507 579 1566 be
638 1505 717 1553 samod
728 1506 869 1554 becumendr'i

471 1570 526 1634 Ad
552 1581 585 1632 te
612 1569 887 1653 confugientibus·

547 1672 592 1735 god
654 1671 680 1719 of
719 1673 778 1734 gode
809 1670 949 1723 acaennedne

511 1737 620 1800 Deum
647 1736 686 1799 de
710 1737 783 1800 Deo
805 1739 953 1821 genitum

480 1837 514 1898 bu
568 1837 677 1886 aoendest
748 1854 807 1886 suna

470 1901 523 1965 Tu
548 1901 692 1986 genuisti
715 1903 836 1966 Filium

478 2006 543 2065 sebe
613 2002 678 2052 naeffi
808 2005 894 2068 anginn

471 2067 541 2135 Qui
566 2089 633 2131 non
658 2068 758 2131 habet
783 2069 915 2132 initium

484 2169 510 2217 of
548 2168 581 2218 be
600 2167 768 2234 heunderfeng
811 2169 898 2233 auginn

470 2234 527 2297 Ex
553 2244 585 2296 te
613 2234 751 2320 sumpsit
775 2235 956 2299 exordium.
1015 2291 1017 2296 .

533 2338 599 2400 bisne
675 2354 733 2387 suna
807 2346 832 2386 to
843 2335 992 2401 pundorliene

512 2401 611 2466 Hunc
634 2415 766 2488 partum
792 2402 1014 2466 admirabilem

517 2520 533 2566 Ἰ
551 2504 605 2552 aefre
681 2505 760 2553 samad
769 2504 967 2569 geherigendlicne

471 2569 672 2652 Semperque
696 2569 953 2633 conlaudabilem

474 2669 562 2734 gefyrn‘
615 2674 710 2735 pitegan
743 2674 821 2722 samod
831 2673 952 2735 geddunge

468 2735 557 2799 Olim
581 2737 740 2823 prophete
770 2759 909 2802 consono

467 2837 511 2885 heo
522 2853 625 2900 spraeeon
705 2839 754 2888 mid
770 2837 830 2888 bene

467 2901 571 2965 Affati
596 2915 672 2966 sunt
696 2904 838 2967 oraculo,

513 3003 594 3066 Fert
617 3003 778 3068 Gabrihel
803 3000 1030 3088 archangelum

470 3104 522 3167 De
548 3104 636 3168 eaelo
661 3104 750 3167 venit
776 3106 927 3169 nuntium

471 3206 623 3270 Electum
647 3206 712 3270 Dei
734 3206 856 3270 Filium

469 3309 598 3374 Effatus
625 3320 674 3373 est
699 3333 759 3394 per
785 3310 940 3375 ordinem.

513 3412 585 3476 Ave
609 3414 716 3477 Maria
739 3414 852 3478 inclita

468 3515 521 3579 Tu
547 3515 643 3600 plena
666 3516 731 3579 Dei
758 3515 863 3598 gratie

470 3617 640 3701 Concipies
664 3641 722 3701 per
745 3617 905 3702 Spiritum

471 3718 518 3780 Et
543 3719 712 3801 generabis
734 3718 867 3782 Filium.

513 3820 543 3883 Ο
566 3819 669 3903 Virgo
695 3821 879 3884 beatissima

469 3921 533 3984 Per
559 3933 675 3986 cuneta
701 3946 825 4007 semper
852 3924 959 3988 secula

244 4136 250 4165 ¹
268 4137 372 4185 Durham
384 4138 447 4195 Ma,
458 4138 497 4185 sol.
509 4139 539 4186 32
550 4139 573 4185 b.

240 4201 251 4231 ⁸
267 4203 318 4251 The
333 4202 462 4252 remuinder
472 4203 497 4250 of
505 4202 552 4252 this
563 4201 636 4264 hymn
647 4203 719 4260 iamet
729 4203 819 4266 glossed
831 4202 855 4249 in
866 4201 907 4249 the
917 4201 1020 4249 Durham
1032 4201 1086 4250 MS.
