2896 4844
298 418 340 479 88
553 435 799 478 anano-saxon
825 437 1053 482 marmarum.

517 591 685 654 Venturus
711 589 786 652 inde
814 588 915 652 seculi

516 693 557 755 In
582 695 646 756 fine
672 693 784 756 Judex
811 693 967 756 omnium.

590 810 661 859 wa
725 796 853 858 ropeardne
917 795 943 842 hi
954 796 1032 844 saedon

560 860 681 945 Sisque
707 871 882 923 venturum
908 869 1055 922 asserunt

563 977 606 1024 spa
703 976 745 1024 spa
837 961 902 1016 bisne
935 961 1071 1023 higesapon

515 1025 798 1092 Quemadmodum
823 1024 909 1088 hunc
931 1024 1077 1088 viderant

539 1128 626 1175 hemico
701 1127 800 1175 heofona
853 1125 986 1188 heehnyssa

516 1191 650 1254 Summa
675 1191 828 1274 polorum
853 1189 995 1253 culmina

550 1294 640 1356 astigan
673 1285 836 1350 bonehaelend
869 1291 978 1341 soinende

515 1359 676 1422 Scandere
700 1357 808 1421 Iesum
835 1355 1013 1441 splendida.

556 1463 655 1527 Qu0ยน
681 1483 739 1524 nos
766 1480 936 1546 precamur
963 1471 1107 1541 tempore

515 1562 536 1625 J
538 1586 595 1627 esu
618 1564 820 1648 Redemptor
845 1562 940 1626 unice

515 1663 608 1728 Inter
633 1675 709 1728 tuos
732 1665 766 1728 in
793 1664 925 1727 aethera
992 1754 998 1760 ฮน

513 1765 629 1828 Servos
654 1766 815 1849 benignus
843 1786 991 1848 aggrega.

564 1867 610 1915 sele
663 1882 691 1915 us
755 1867 821 1921 bider
836 1867 885 1913 mid
896 1865 1025 1927 singalre'

556 1932 610 1994 Da
634 1931 729 1995 nobis
753 1930 832 1993 illuc
860 1929 972 1992 sedula

534 2033 675 2095 estfnlnysse
740 2033 816 2082 afstan

512 2099 695 2162 Devotione
721 2098 853 2162 tendere

512 2202 586 2262 oribe
626 2201 655 2256 be
704 2201 776 2249 nitran
835 2199 883 2248 mid
927 2199 1000 2247 faeder

515 2265 593 2332 Quo
616 2265 664 2328 Te
688 2266 797 2328 sedere
823 2287 896 2327 cum
920 2263 1017 2327 Patre

523 2382 553 2413 on
577 2365 707 2427 heahnysso
717 2367 776 2413 riees
807 2365 939 2429 pegelyfalr

514 2429 555 2491 In
581 2452 653 2493 arce
678 2430 769 2512 regni
797 2429 969 2493 oredimus.

564 2532 597 2586 bu
644 2532 687 2579 beo
779 2546 820 2578 ure
942 2531 1007 2592 gefea

558 2597 610 2658 Tu
635 2605 704 2657 esto
731 2604 878 2658 nostrum
901 2595 1056 2676 gaudium

514 2694 589 2757 pudo
612 2703 662 2743 eart
702 2697 798 2755 topeard
895 2696 949 2743 med

513 2760 582 2826 Qui
608 2782 641 2822 es
667 2759 817 2822 futurum
840 2761 1013 2858 premium.

534 2877 563 2924 sy
627 2877 668 2910 uro
732 2877 762 2909 on
804 2864 833 2924 pe
865 2864 949 2925 puldor

515 2925 568 2989 Sit
593 2936 704 2989 nostra
728 2926 763 2989 in
791 2928 840 2990 Te
863 2929 968 3012 gloria

517 3029 592 3091 geond
641 3028 698 3076 eollo
778 3030 834 3078 aefre
899 3031 997 3090 poruldo

516 3094 580 3156 Per
606 3104 724 3156 cuncta
749 3116 876 3180 semper
900 3097 1016 3160 secula.

574 3195 657 3256 puldor
716 3196 745 3250 be
789 3196 909 3246 odrihten

558 3259 672 3321 Gloria
687 3260 759 3321 vtibi
782 3259 923 3324 Domine

512 3356 587 3413 laude
623 3357 708 3405 astihst
783 3359 831 3406 ofer
890 3362 971 3423 tunglo

512 3421 582 3488 Qui
606 3421 733 3483 scandis
759 3445 857 3506 super
880 3424 985 3486 sidera

537 3523 586 3570 mid
634 3523 708 3571 faeder

512 3589 597 3652 Cum
621 3587 729 3651 Patre.

476 3865 482 3896 ยน
500 3863 557 3911 This
573 3871 653 3911 stanzo
669 3863 691 3911 is
706 3870 747 3911 not
762 3863 853 3925 glossed
870 3864 894 3910 in
911 3863 951 3910 the
962 3862 1066 3911 Durham
1078 3864 1133 3912 MS.
