2896 4844
465 448 711 512 auaro-saxon
736 447 965 492 urunaaluu.
1175 432 1218 493 95

406 775 573 841 YMNUS
609 777 675 840 AD
710 776 1023 840 ΜΑΤΠΤΙΝΑὸ.ι

469 941 559 1004 Anni
582 926 721 1025 peractis
745 942 911 1006 mensibus

425 1043 530 1105 Tanta
555 1053 728 1106 recurrunt
753 1043 874 1127 gaudia

422 1143 585 1228 Votisque
611 1145 736 1209 dudum
763 1145 903 1209 credulis

425 1245 567 1328 Optatus
593 1245 724 1308 advenit
749 1245 827 1309 dies.

469 1346 510 1409 In
533 1369 599 1431 quo
623 1346 767 1429 Spiritus
789 1345 924 1408 Domini

425 1447 542 1510 Terras
567 1446 705 1530 replevit
730 1446 857 1529 gaudiis

427 1547 587 1611 Caelestia
608 1548 766 1610 adventus
788 1545 838 1608 sui

424 1648 554 1713 Mundo
578 1650 754 1712 decurrunt
776 1646 910 1711 lumina.

468 1749 522 1813 Sic
545 1772 684 1834 namque
707 1749 812 1812 Filius
834 1747 899 1810 Dei

424 1849 593 1934 Apostolis
616 1851 834 1936 spoponderat

427 1950 538 2016 Celsos
560 1953 696 2037 petisset
717 1974 791 2014 oum
812 1951 905 2034 polos

424 2051 605 2117 Missurum
629 2052 786 2115 Sanctum
810 2051 981 2134 Spiritum.

470 2154 510 2217 Id
532 2164 582 2218 est
602 2155 778 2239 probatum
801 2153 940 2216 testibus

425 2254 660 2339 Apostolorum
682 2254 815 2319 vocibus

425 2356 508 2419 Cum
531 2357 596 2420 sint
619 2357 751 2421 diversis
773 2355 884 2419 oribus

425 2458 534 2523 Variis
556 2459 659 2522 locuti
681 2459 843 2542 gentibus.

470 2559 576 2624 Tanto
597 2560 757 2645 redempti
779 2582 913 2623 munere

425 2661 532 2727 Patris
555 2671 589 2724 et
611 2660 692 2725 Nati
716 2661 859 2746 Spiritus

426 2763 527 2846 Juges
550 2784 682 2846 agamus
707 2764 826 2846 gratias

426 2863 499 2926 Deo
524 2863 658 2946 perenni
684 2862 720 2924 in
743 2864 859 2927 secula.

772 2963 890 3029 Arnen.

439 3208 609 3273 YMNUS
644 3210 710 3276 AD
743 3211 988 3278 Turaniana

467 3376 573 3439 eallunga
615 3375 669 3424 crist
741 3378 821 3441 tunglo
901 3381 967 3429 astah

467 3440 539 3503 Jam
563 3439 711 3504 Christus
737 3454 821 3505 astra
846 3446 1034 3510 ascenderat

423 3545 621 3606 ongeangeoyrred
631 3546 708 3606 panon
741 3544 770 3599 be
781 3545 811 3592 he
821 3561 870 3593 com

423 3605 604 3689 Regressus
629 3607 717 3670 unde
740 3619 872 3672 venerat

446 3706 571 3755 behatenra
619 3708 715 3756 foderes
779 3709 827 3756 lnce

426 3770 589 3835 Promisso
611 3771 718 3835 Patris
742 3795 877 3837 munere

460 3871 553 3935 huligne
608 3872 745 3922 tosellenno
824 3881 877 3936 gast

426 3936 583 4000 Sanctum
608 3937 743 4000 daturus
768 3937 941 4022 Spiritum.
978 3981 983 3986 -

241 4084 247 4114 ¹
265 4083 370 4133 Durham
381 4085 447 4143 MS„
455 4083 493 4132 foL
500 4082 532 4134 27
538 4085 563 4132 b.
590 4085 648 4132 This
656 4084 728 4146 hymn
737 4085 758 4132 is
767 4085 866 4134 without
875 4087 959 4148 agloss
969 4087 995 4136 iu
1003 4088 1044 4138 tho
1051 4091 1152 4146 Durham
1160 4094 1216 4144 MS.

240 4147 250 4177 ²
264 4148 369 4196 Durham
380 4148 442 4208 MS..
452 4148 490 4196 foL
499 4149 541 4195 28.
