2896 4844
628 451 806 496 Arrnnulx
830 453 873 497 ΤΟ

474 585 550 649 Sese
575 586 747 671 flagrorum
772 588 916 671 stigmati

474 686 553 750 Celo
579 699 693 773 reptus
720 688 827 755 exuit.

513 788 693 852 Devinctus
719 788 784 851 acri
809 787 920 873 stipite

469 887 564 951 Loris
590 888 734 952 cruentis
756 888 902 973 undique

470 989 574 1052 Danis
600 988 744 1051 tribunal
768 999 901 1053 execrat

468 1089 518 1153 Ac
543 1111 663 1153 numen
688 1091 760 1172 ejus
783 1090 958 1175 improbat.

513 1191 582 1257 Qui
610 1191 795 1254 terebratus
817 1192 951 1275 spiculis

466 1291 570 1376 Regis
592 1313 739 1355 cruorem
763 1292 922 1356 combibit

467 1394 577 1460 Quem
599 1415 659 1478 pro
682 1393 749 1455 suis
772 1393 926 1457 fidelibus

464 1495 561 1560 Velle
584 1494 667 1557 mori
693 1494 906 1577 conjicimun

509 1597 579 1660 Nos
605 1596 664 1660 hac
686 1595 901 1661 Eadmundus
926 1598 978 1661 die

464 1698 542 1762 Rex
565 1708 688 1782 martyr
712 1708 805 1782 optet
829 1699 933 1781 gratie

464 1800 541 1866 Qua
565 1800 773 1884 perfruamur
798 1800 933 1895 celitum

464 1899 566 1964 Bonis
591 1923 649 1984 per
673 1924 767 1964 omne
792 1903 947 1967 seculum.

937 2006 1059 2072 Auru.

482 2212 583 2279 ¹Qua
605 2212 755 2276 Christus
778 2213 857 2275 hora
880 2211 964 2275 sitiit

461 2312 599 2378 Crucem
623 2314 674 2378 vel
699 2314 733 2377 in
758 2337 824 2399 qua
846 2313 948 2377 subiit

433 2455 436 2464 ·
460 2414 553 2480 Quos
576 2427 703 2515 prestat
727 2417 762 2479 in
789 2417 848 2480 hac
873 2416 987 2478 sallere

458 2515 555 2579 Ditet
580 2517 635 2580 siti
658 2517 800 2615 justitie.

502 2616 635 2683 Quibus
659 2618 703 2681 sit
725 2629 759 2681 et
783 2618 907 2682 esuries

458 2716 566 2783 Quam
590 2717 660 2801 ipse
687 2717 726 2781 de
750 2741 784 2782 se
810 2719 906 2783 satiet

457 2818 587 2882 Crimen
612 2819 656 2882 sit
680 2832 718 2884 ut
744 2821 912 2885 fastidium

455 2919 639 3006 Virtusque
667 2920 836 2986 desiderio,

498 3021 650 3085 Karisma
675 3022 785 3087 Sancti
813 3023 958 3108 Spiritus

453 3123 508 3187 sic
532 3122 650 3187 influat
674 3123 865 3189 salientibus

452 3224 501 3287 Ut
524 3225 628 3287 camis
652 3236 739 3289 estus
762 3225 879 3310 frigeat

451 3326 498 3388 Et
520 3325 639 3387 mentis
664 3325 755 3408 algor
778 3325 912 3391 ferveat.

580 3426 696 3488 Gloria
719 3427 780 3489 tibi
803 3428 958 3492 Trinitas.

470 3698 612 3764 ²Ternis
635 3709 686 3762 ter
707 3698 796 3761 horis
821 3720 974 3762 numerus

448 3799 545 3898 Sacra
567 3799 644 3863 fidei
670 3800 826 3883 panditur

447 3902 543 3965 Nunc
567 3901 738 3964 Trinitatis
764 3898 894 3962 nomine

446 4002 571 4064 Munus
594 4022 764 4083 precamur
789 4001 894 4098 venie.

976 4114 1226 4126 -----—-...-—-..-

235 4119 269 4185 '⁸¹
287 4116 697 4214 tin-iisvap.n.m.f01.120.
763 4146 773 4175 ²
790 4148 853 4196 eoa.
862 4147 916 4196 ns,
928 4149 997 4209 vta.
1010 4149 1041 4196 n.
1050 4149 1092 4197 xii.
1104 4149 1144 4199 ra.
1154 4152 1199 4200 120
1210 4156 1231 4204 a
