2896 4844
461 465 707 509 ANGLO·SAXON
732 463 960 507 HYMNARIUM.

460 605 532 669 Hac
556 616 650 668 nocte
674 605 793 668 Factor
819 602 964 665 omnium

416 709 550 773 Potenti
575 714 644 773 sat1
667 705 848 770 misterium

419 811 556 875 Carnem
581 833 671 873 suam
696 831 770 872 cum
795 807 951 892 sanguine

418 913 459 977 In
483 936 587 976 escam
612 911 765 976 transfert
791 911 908 1009 anime.

460 1017 494 1078 A
516 1014 610 1078 celsis
633 1035 768 1097 surgens
795 1011 933 1096 dapibus

417 1118 539 1182 Prebet
563 1118 700 1181 formam
723 1115 916 1179 mortalibus

419 1219 625 1283 Humilitatis
650 1218 754 1301 gratia

420 1320 511 1384 Petri
537 1330 652 1406 petens
675 1319 820 1401 vestigia.

464 1421 571 1484 Pallet
594 1442 703 1483 servus
730 1419 887 1503 obsequio

420 1524 503 1586 Cum
526 1521 729 1605 Angelorum
752 1520 932 1583 Dominum

421 1624 567 1687 Ferendo
593 1623 747 1708 limpham
774 1621 901 1684 lintheo

419 1725 534 1790 Cernit
559 1748 658 1789 caena
682 1726 908 1809 procumbere.

463 1828 620 1892 Permitte
648 1826 772 1912 Symon
794 1825 885 1890 ablui

419 1932 505 1994 Acta
528 1931 671 2014 figurant
694 1928 822 1992 mistica

418 2034 508 2096 Dum
535 2055 679 2096 summus
701 2033 766 2095 ima
790 2031 916 2115 bajulat

419 2135 488 2201 Qui
513 2135 595 2197 cinis
622 2143 726 2196 servet
753 2133 863 2194 cineri.

463 2236 604 2299 Lavator
629 2234 731 2296 thoris
755 2234 891 2296 accubat

418 2337 589 2420 Verbique
614 2335 704 2399 favos
730 2346 862 2418 aggerat

418 2439 513 2505 Quos
538 2437 624 2501 inter
647 2436 776 2500 hostem
801 2436 934 2501 denotat

419 2541 518 2604 Necis
545 2542 603 2625 qui
631 2540 722 2604 dolos
746 2540 898 2604 ruminat.

464 2644 558 2708 Trux
581 2643 658 2728 lupe
685 2643 772 2706 Juda
796 2642 934 2727 pessime

421 2747 500 2811 Fers
524 2746 621 2830 Agno
647 2747 720 2810 miti
744 2745 850 2810 bassio
1050 2725 1136 2839 p

420 2850 510 2912 Dans
536 2848 680 2912 membra
703 2848 780 2911 loris
806 2847 916 2932 regia2
1073 2846 1079 2865 “’
1159 2842 1185 2864 ““

420 2950 498 3049 (lue
523 2951 614 3013 sorde
643 2960 778 3034 tergunt
805 2949 923 3047 secula.

464 3051 555 3114 Nexi
582 3050 753 3114 solvuntur
777 3050 876 3113 hodie

360 3162 362 3166 '
423 3152 535 3216 Carnis
560 3174 596 3215 ac
623 3151 728 3214 cordis
754 3173 878 3215 carcere

422 3254 566 3338 Tingens
592 3264 734 3318 sacratur
760 3253 907 3316 crismate

424 3356 506 3441 Spes
529 3356 605 3420 inde
632 3356 747 3421 crescit
769 3354 904 3420 miseris.

464 3457 592 3522 Victori
617 3458 731 3521 mortis
755 3457 898 3522 inclitam

423 3560 606 3643 Pangamus
632 3558 727 3622 laude
752 3543 889 3644 gloriam

422 3661 505 3724 Cum
529 3661 625 3724 Patre
648 3682 684 3722 ec
709 3660 828 3724 Sancto
852 3659 980 3743 Spiritu

421 3763 490 3829 Qui
515 3785 574 3825 nos
597 3761 735 3824 redemit
763 3762 867 3824 obitu.

1052 3005 1063 3037 s
1121 3018 1124 3023 .

239 4036 246 4067 ¹
263 4036 361 4085 Altered
372 4037 404 4097 by
415 4050 505 4084 erasure
516 4035 541 4082 in
552 4034 606 4083 MS.
618 4035 647 4082 D.
740 4033 750 4063 ²
767 4032 896 4095 Originally
908 4032 915 4059 ‘
925 4032 1105 4094 rigide-MS.
1120 4035 1151 4082 D.

1061 4270 1085 4310 M
