2896 4844
481 467 727 512 Arene-suos
752 469 980 514 nrnrsnnwn.
1191 453 1233 516 73

380 623 490 670 laederum
524 639 554 672 on
565 631 635 673 tncnr'r
674 625 779 674 drihtnes
860 628 924 688 beni

357 685 510 751 Patribus
536 688 636 772 signis
660 688 795 753 Domini
820 690 976 754 ministris

707 790 765 854 gelic
792 790 1000 855 ongebirnungnm

700 856 764 919 Par
787 856 1000 922 documentis.

354 953 390 1001 hit
400 971 429 1016 ys
573 956 637 1020 harig
718 959 773 1020 olrre
818 973 900 1007 cuman

354 1018 417 1082 Est
439 1020 515 1083 satis
538 1032 685 1085 sanctum
707 1021 788 1085 alios
810 1023 919 1086 venire

369 1135 387 1182 Ἰ
419 1120 488 1168 heora
547 1123 615 1172 criste
696 1123 761 1173 sauls
807 1131 947 1187 gesnerum

352 1183 399 1247 Et
421 1207 494 1249 suas
517 1185 647 1251 Christo
672 1188 794 1252 animas
824 1188 942 1252 lucrari

351 1287 469 1351 tenapu
479 1289 628 1354 faederhnlga
665 1293 741 1355 eopde
784 1293 833 1340 mid
859 1293 1012 1342 hnndfenldra

353 1352 407 1416 Tu
430 1353 528 1417 Pater
549 1355 633 1418 alme
654 1379 752 1439 grege
774 1378 849 1419 cum
871 1367 1009 1420 centeno

704 1457 957 1521 bugeneosarttnngla

698 1521 839 1606 Appetis
864 1532 958 1588 astra.

350 1621 466 1684 fyrdpyeu
481 1622 698 1686 geondembhperst
729 1623 778 1670 mid
789 1639 859 1686 sange
934 1640 963 1688 sp
1005 1626 1021 1680 b

351 1686 464 1750 castra
488 1709 547 1770 per
569 1689 681 1751 orbem
707 1691 884 1751 concentu¹
906 1710 957 1752 res
995 1700 1066 1754 tant

366 1802 383 1850 Ἰ
410 1788 490 1843 binum
513 1789 629 1852 gepn'tum
680 1790 744 1852 saple
779 1789 979 1852 beobgestrinode

350 1852 396 1915 Et
420 1853 485 1916 tuis
508 1854 636 1938 seriptis
660 1853 768 1950 anime
794 1853 961 1918 lucrantur

347 1953 437 2017 betpux
464 1953 517 2009 sinn
557 1970 575 2018 Ἰ
619 1970 647 2003 us
693 1958 774 2006 semod
789 1958 849 2006 beon
859 1957 992 2005 ameareode

349 2016 442 2080 Inter
465 2019 522 2081 has
549 2029 583 2082 et
604 2041 663 2081 nos
689 2021 787 2083 simul
811 2022 958 2084 annotari

721 2121 789 2184 balga
869 2123 924 2172 bide

692 2185 810 2249 Sancte
833 2209 974 2270 precare.

379 2290 399 2346 ’ῤ
460 2288 532 2336 faeder
574 2288 675 2350 getibige
732 2291 752 2348 l>
812 2288 855 2336 ilce
925 2288 1023 2338 loedems

349 2351 422 2415 Hoc
446 2352 545 2415 Pater
566 2363 690 2436 prestet
711 2354 772 2417 hoc
794 2353 881 2416 idem
902 2354 1045 2438 parentis

360 2454 479 2502 ancenned
515 2456 585 2504 bearn
606 2453 632 2500 hi
643 2453 702 2502 selfr‘r
761 2453 853 2503 efeneee

349 2516 474 2582 Unicus
493 2519 599 2582 Natus
622 2518 685 2581 sibi
708 2519 930 2603 comparennis

374 2621 395 2678 ’ῥ
438 2620 542 2683 sehelga
589 2619 651 2669 blaed
726 2635 757 2667 an
829 2620 875 2683 god
907 2621 1029 2669 onaeleere

348 2681 421 2747 Hoc
444 2684 542 2748 Sacer
563 2684 676 2749 Flatus
699 2705 785 2747 unus
808 2685 900 2747 Deus
923 2685 1010 2748 omni

757 2786 807 2834 tile
873 2787 981 2850 peorulde

691 2850 853 2934 Tempore
877 2850 983 2915 saecli.

905 2951 1022 3014 Amen.

403 3244 581 3320 YMNUS
616 3244 682 3308 AD
715 3242 1026 3308 ΜΑΤΗΤΙΝΑὸ.9

469 3421 522 3476 laam
532 3437 618 3470 maersn
643 3421 752 3484 singende
795 3420 891 3482 gearlice

470 3485 594 3567 Magno
617 3495 767 3548 canentes
789 3506 897 3547 annua

460 3601 493 3633 nu
752 3585 866 3647 lofnngas

426 3650 523 3714 Nunc
546 3650 724 3713 Benedicto
747 3649 871 3712 cantica

429 3753 588 3815 ltpebrueen
610 3750 696 3806 littere
744 3749 832 3806 aebelsn

426 3815 585 3879 Fruamur
606 3815 705 3901 hujus
727 3812 850 3898 inclyto

461 3917 579 3965 freolstide
644 3915 693 3964 mid
702 3915 784 3979 gefenn

424 3981 624 4045 Festivitatis
646 3980 791 4064 gaudi0.³

241 4124 248 4152 ¹
267 4122 397 4185 Originally
406 4125 414 4149 ‘
423 4122 504 4171 eantu'
515 4123 539 4170 in
551 4123 607 4172 MS.
618 4124 650 4172 D.
766 4121 776 4150 ³
793 4122 923 4185 Originally
935 4121 1029 4170 written
1038 4122 1047 4147 ‘
1056 4119 1177 4186 gaudinm'
1193 4124 1218 4172 in

241 4187 252 4217 ²
267 4186 371 4235 Durhnm
382 4187 447 4245 Ms„
462 4187 553 4235 f01.2·2.
735 4186 789 4235 MS.
806 4186 835 4234 D.

1067 4271 1087 4312 1.
