2896 4844
283 420 342 485 lea
538 445 785 489 anano-saxon
810 444 1038 488 nruumuun.

537 591 601 655 Per
626 602 658 655 te
683 591 777 674 quies
803 591 846 652 sit
871 599 1053 673 temporum

494 693 592 758 Vitae
620 695 715 757 detur
741 693 892 756 solatium
1089 681 1091 687 ’

493 795 587 859 Pacis
612 797 771 860 redundet
797 793 1002 859 commodum

493 896 636 963 Sedetur
662 920 756 960 omne
780 895 976 960 scandalum.

534 999 583 1062 Ut
609 998 752 1062 caritatis
775 999 881 1082 gratia

496 1101 551 1163 Sic
576 1101 745 1166 affluamus
770 1101 897 1186 Spiritu

491 1203 568 1270 Quo
592 1203 686 1266 eorde
712 1227 786 1267 cum
813 1203 959 1286 suspiriis

490 1305 656 1369 Christum
682 1329 855 1391 sequamur
881 1304 1016 1368 intimis·

575 1408 647 1471 Deo
672 1408 764 1472 Patri
790 1408 833 1471 sit
855 1408 968 1491 gloria.

551 1755 643 1817 blissige
708 1756 792 1804 heofon
835 1756 882 1802 mid
893 1755 964 1803 losum

508 1818 669 1882 Exultet¹
697 1819 804 1917 celum
828 1819 981 1881 laudibus

532 1936 602 1984 spege
677 1921 748 1970 eorde
763 1921 812 1968 mid
822 1920 943 1983 gefeanum

488 1984 640 2049 Resultet
666 1997 752 2049 terra
776 1984 902 2068 gaudiis

526 2087 696 2150 paraapostolu
761 2088 844 2150 puldor

484 2150 718 2235 Apostolorum
741 2153 879 2236 gloriam

493 2254 569 2315 hnlige
625 2254 706 2318 singen
771 2254 931 2316 symbelnyssa

482 2317 579 2381 Sacra
605 2329 726 2381 canunt
750 2317 950 2400 sollempnia.

540 2436 568 2481 ge
618 2421 714 2483 porulde
735 2421 833 2480 rihtpise
861 2421 942 2466 deman

523 2484 592 2548 Vos
618 2485 715 2563 saecli
736 2485 820 2569 justi
842 2483 970 2568 judiees

503 2602 519 2647 Ἰ
553 2590 610 2648 solra
624 2587 800 2636 middanaardes
815 2587 893 2635 leohta

480 2651 527 2713 Et
551 2674 626 2714 vera
652 2653 765 2715 mundi
792 2651 915 2714 lumina

479 2752 527 2799 mid
538 2753 681 2816 gepilnungi'r
693 2769 723 2816 pe
733 2754 820 2816 biddap
831 2753 941 2800 heortena

478 2816 575 2880 Votis
598 2840 772 2901 precamur,
792 2817 938 2880 cordium

489 2917 594 2980 gehyrad
652 2921 712 2967 bena
785 2919 923 2967 eadmoddra

480 2982 606 3046 Audite
629 3006 741 3068 preces
767 2983 961 3067 supplicum.

521 3088 590 3148 gelre
628 3087 710 3135 heofon
727 3088 858 3150 midporde
890 3086 998 3147 beclysalr

521 3150 590 3216 Qui
616 3152 723 3247 celum
746 3154 844 3216 verbo
866 3149 1017 3213 clauditis

478 3252 624 3312 *Jacottelsas
679 3253 716 3300 his
748 3254 876 3315 togelysalr

479 3313 573 3376 Seras
600 3326 634 3377 et
661 3318 731 3400 ejus
759 3317 881 3380 solvitis

497 3429 525 3461 us
562 3414 598 3461 fra
632 3431 728 3464 sernum
810 3417 892 3464 sallum

477 3476 548 3540 Nos
572 3501 591 3540 a
615 3481 755 3562 peccatis
783 3481 933 3545 omnibus

487 3579 606 3636 nnbindab
616 3582 664 3629 mid
675 3582 737 3631 haese
763 3597 793 3643 pe
803 3582 891 3643 biddap

477 3643 599 3708 Solvite
622 3649 716 3732 jussu
744 3670 929 3731 quesumus.

567 3750 630 3808 lraera
694 3750 742 3796 mid
752 3750 841 3798 bebode
857 3766 885 3812 ys
896 3749 1029 3810 underpeod

434 3782 470 3851 f
518 3810 667 3876 Quorum
692 3825 845 3897 precepto
871 3813 1024 3876 subditur

501 3912 547 3960 hael
604 3928 620 3975 7
696 3914 735 3961 adl
854 3915 915 3962 enlm

475 3975 569 4039 Salus
594 3988 627 4040 et
652 3976 789 4061 languor
814 3977 958 4041 omnium

255 4177 269 4224 h
290 4111 296 4140 ¹
316 4111 417 4225 [leghem
426 4113 490 4175 Ma,
503 4111 542 4159 lol.
552 4113 591 4159 36.
628 4113 667 4158 Νο
684 4113 758 4160 rubrio
775 4113 796 4158 is
811 4112 912 4173 prefixed
927 4120 950 4158 to
966 4112 1013 4159 this
1028 4112 1098 4172 hymn
1111 4111 1134 4158 in
1151 4112 1190 4159 the
1206 4113 1265 4159 Dur·

271 4192 308 4224 am
368 4212 373 4224 .
