2896 4844
469 431 715 476 suano-saxon
741 434 970 481 nuuunruuu.
1182 421 1224 482 37

416 750 583 814 YMNUS
620 752 685 815 AD
718 751 1028 818 MATUTINAS.¹

485 930 546 978 stein
583 930 664 978 becrht
702 931 754 978 eme
813 931 888 994 spegp

474 993 553 1057 Vox
580 994 665 1057 clara
691 1017 764 1058 ecce
790 996 916 1058 intonat

333 1114 335 1118 ⁴
437 1096 891 1161 lonpomeunyuagehpileeheopreelr

430 1160 577 1225 Obscura
602 1185 735 1246 queque
761 1163 907 1246 increpat

449 1263 589 1314 heoadraeie
652 1237 749 1313 bseori-au
814 1266 899 1328 spelnu

431 1327 621 1391 Pellantur²
643 1331 768 1393 eminus
794 1329 941 1412 sompnia

438 1430 475 1476 fra
529 1431 609 1478 rodere
688 1431 744 1479 crist
860 1429 925 1491 sein)

431 1495 485 1556 Ab
512 1495 622 1558 ethere
646 1494 794 1559 Christus
819 1495 986 1578 promicat.

498 1598 552 1645 mod
568 1597 674 1661 eallungu
721 1596 782 1646 arira
859 1597 957 1660 turpe

472 1661 568 1725 Mens
588 1664 656 1746 jam
680 1673 828 1745 resurgat
855 1662 983 1745 turpida

450 1767 470 1823 ll
498 1764 546 1812 mid
557 1764 645 1827 horupe
656 1766 735 1827 punct
762 1762 858 1827 gepaeht

420 1828 497 1901 Que
524 1829 616 1892 sorde
643 1839 737 1892 extat
762 1828 871 1892 saucia

438 1905 518 1992 tuniel
591 1930 657 1992 scinlr
738 1947 771 1978 nu
836 1930 892 1993 nipe

429 1994 526 2058 Sidus
552 1994 695 2078 refulget
713 1996 782 2079 jam
809 2017 929 2058 novum

446 2097 466 2154 'p
483 2095 519 2143 hit
530 2111 600 2156 nyma
610 2095 652 2143 aelc
663 2095 719 2157 βίης
735 2095 900 2157 derigendlices

427 2159 475 2221 Ut
499 2159 594 2222 tollat
620 2181 714 2221 omne
738 2159 886 2222 noxium.

549 2261 618 2310 usaue
699 2261 761 2310 lamb
814 2261 934 2322 ysaaaend

469 2325 499 2388 E
526 2348 653 2389 sursum
680 2347 782 2409 agnus
805 2324 948 2388 mittitur

443 2427 550 2490 lorgyfan
582 2428 673 2491 togyfes
746 2427 799 2489 gylr

426 2491 554 2555 Laxare
577 2493 678 2576 gratis
702 2492 852 2556 debitum

467 2597 524 2644 ealle
590 2596 627 2644 for
697 2595 822 2657 miltsunge

368 2698 370 2702 >
428 2662 549 2725 Omnes
575 2682 634 2744 pro
658 2659 863 2743 indulgentia

452 2762 525 2810 stelne
557 2762 697 2810 utcnsellau
724 2762 773 2809 mid
838 2768 927 2809 tearum

426 2825 550 2890 Vocem
574 2826 686 2889 demus
713 2848 787 2890 cum
812 2825 962 2889 lacrimis.

481 2929 614 2989 opersipan
635 2928 686 2990 laet
702 2928 788 2990 paenne
831 2929 896 2989 ⁸01¹sp

470 2992 621 3056 Secundo
645 3003 685 3055 ut
711 3015 785 3055 cum
808 2991 939 3055 fulserit

447 3093 624 3154 *lmiddaneard
712 3107 755 3154 oga
846 3093 930 3148 belehh

426 3158 655 3240 Mundumque
681 3156 796 3219 horror
821 3156 961 3221 cinxerit

450 3275 482 3307 na
540 3259 576 3307 for
624 3259 702 3321 scylde
718 3258 876 3323 hegepltnige

426 3324 503 3388 Non
528 3346 588 3408 pro
614 3333 707 3388 reatu
729 3325 847 3408 puniat

444 3443 470 3474 ac
514 3427 593 3476 arfaest
624 3442 652 3475 ur
695 3428 778 3489 paeune
811 3427 949 3489 hegemilde

424 3491 489 3554 Sed
511 3491 586 3576 pius
608 3514 668 3554 nos
694 3503 772 3554 tunc
798 3503 958 3575 protegat.

511 3627 584 3690 Deo
607 3627 699 3691 Patri
722 3627 765 3689 sit
790 3626 902 3709 gloria.

240 3915 247 3944 ¹
265 3913 368 3963 Durlram
379 3914 441 3974 MS.‚
454 3915 494 3962 tol.
504 3914 541 3962 11.
715 3913 725 3941 ²
742 3913 872 3978 Originally
882 3915 890 3939 ‘
899 3913 1075 3976 pellat.'-MS·
1088 3916 1118 3963 D.
