2896 4844
276 3985 282 4013 ¹
300 3984 365 4032 Cott.
373 3983 427 4031 MS.
440 3984 509 4044 Vesp.
521 3982 552 4029 D.
563 3982 605 4029 xii.
615 3981 654 4028 fol.
666 3982 719 4029 121.
775 3982 784 4010 ⁴
802 3983 932 4044 Originally
945 3983 1032 4042 ‘tana’
1050 3986 1092 4034 but
1111 3988 1199 4037 altered
1217 3999 1241 4038 to

274 4050 284 4078 ²
301 4050 419 4096 Acetum?

275 4114 284 4142 ³
303 4115 409 4160 Pontus?

635 427 811 470 APPENDIX
836 428 881 470 To

556 641 622 706 AD
661 636 969 704 MATUTINAS.¹

491 801 612 864 Lustra
635 822 694 863 sex
717 799 775 883 qui
791 801 860 884 jam
880 808 1012 881 peracta

448 900 592 985 Tempus
619 900 756 984 implens
780 898 924 984 corporis

448 1002 490 1066 Se
513 1002 641 1066 volente
665 1010 761 1064 natus
785 1000 826 1062 ad
849 1001 910 1063 hoc

447 1103 600 1166 Passione
624 1101 753 1165 deditus

447 1206 562 1288 Agnus
585 1205 621 1267 in
645 1226 739 1267 cruce
763 1201 889 1265 levatur

446 1306 667 1371 Immolandus
689 1305 811 1390 stipite.

488 1409 553 1472 Hic
577 1411 688 1472 acet0·²
709 1407 755 1471 fel
779 1408 903 1471 arundo

446 1510 551 1593 Sputa
573 1511 671 1574 clavis
694 1510 805 1574 lancea

444 1609 529 1673 Mite
557 1634 673 1696 corpus
699 1610 884 1696 perforatur

445 1709 585 1795 Sanguis
608 1713 694 1776 unda
720 1712 856 1796 profluit

444 1811 545 1875 Terra
568 1814 717 1897 pondus³
740 1826 825 1876 astra
850 1813 990 1876 mundus

444 1912 522 1979 Quo
547 1913 696 1977 lavantur
723 1912 867 1976 flumine.

488 2016 580 2079 Crux
602 2013 709 2078 fidelis
732 2015 818 2077 inter
844 2036 955 2076 omnes

442 2117 552 2181 Arbor
578 2140 643 2180 una
666 2114 786 2178 nobilis

442 2218 544 2282 Nulla
568 2217 648 2281 silva
673 2215 771 2278 talem
795 2215 920 2298 profert

442 2320 570 2382 Fronde
594 2320 674 2381 flore
697 2316 841 2400 germine

441 2420 547 2483 Dulce
572 2418 699 2502 lignum
724 2416 834 2479 dulces
858 2417 962 2480 clavos

440 2521 547 2585 Dulce
571 2521 699 2606 pondus
726 2520 875 2584 sustinet.

481 2622 592 2685 Flecte
621 2644 725 2684 ramos
747 2623 841 2685 arbor
865 2619 930 2682 alta

440 2724 546 2787 Tensa
569 2723 645 2786 laxa
670 2722 791 2785 viscera

437 2827 484 2890 Et
505 2825 593 2908 rigor
616 2823 773 2886 lentescat
798 2822 855 2885 ille

442 2926 551 2993 Quem
578 2925 668 2989 dedit
692 2925 843 2989 nativitas

437 3030 485 3093 Et
507 3029 639 3112 superni
663 3029 807 3091 membra
827 3027 929 3110 Regis

438 3130 511 3193 Niti
537 3131 670 3192 tendas*
692 3129 813 3212 stipite.

483 3231 560 3294 Sola
584 3231 682 3314 digna
706 3240 743 3293 tu
766 3230 858 3292 fuisti

437 3334 535 3396 Ferre
560 3331 703 3415 pretium
727 3331 828 3394 seculi

438 3434 551 3514 Atque
578 3440 695 3512 putum
719 3454 887 3514 preparare

438 3535 549 3598 Nauta
574 3532 696 3594 mundo
722 3533 879 3616 naufrago

438 3636 546 3702 Quem
574 3657 662 3697 sacer
688 3657 782 3697 cruor
805 3638 963 3719 perunxit

437 3738 543 3800 Fusus
568 3737 642 3820 agni
665 3759 808 3821 corpore.

460 3844 462 3848 ‘
484 3837 600 3901 Gloria
626 3847 659 3900 et
680 3837 785 3901 honor
811 3840 894 3902 Deo.

1147 3951 1240 3960 -ῃ

742 4045 853 4094 ‘tendas’
886 4047 936 4093 The
947 4064 1008 4095 more
1019 4058 1104 4098 correct
1114 4054 1210 4116 reading
1221 4055 1240 4102 is

743 4110 839 4170 perhaps
852 4109 933 4158 ‘miti'
