2896 4844
274 436 318 497 54
522 414 781 495 ·suoto-ssxon
806 448 1034 494 nrnnssurn.

509 609 542 671 Pu
586 609 714 672 cyne-gyrd
785 607 841 669 Pine
917 605 989 665 aepele

492 673 543 735 Tu
571 685 732 756 sceptrum
761 683 855 735 tuum
878 668 1027 731 inclitum

499 774 548 821 mid
559 773 616 833 pinu
627 774 711 836 bepere
768 773 846 835 scylde

492 839 565 901 Tuo
592 837 728 899 defende
755 836 879 920 clypeo.

597 939 680 1001 puldor
738 939 767 997 pe
831 935 923 982 drihten

577 1002 694 1065 Gloria
720 1000 781 1063 tibi
804 999 944 1063 Domine

615 1103 648 1165 pu
658 1101 691 1149 de
706 1103 812 1163 abroges
823 1107 880 1148 emt.

621 1166 689 1232 Qui
716 1166 804 1228 lotus
830 1186 873 1226 es.

329 1519 497 1583 YMNUS
529 1518 582 1581 IN
612 1511 991 1582 PURIFICATIONE
1023 1508 1221 1572 SANCTAE

557 1617 731 1683 MARIAE
762 1610 1010 1679 VIRGINIS.1

395 1787 442 1844 baet
505 1782 575 1846 perod
641 1798 709 1842 scopa
805 1777 905 1838 arpurPe
975 1776 1053 1837 gesem

358 1848 458 1915 Quod
484 1846 601 1910 chorus
627 1857 736 1907 vatum
761 1841 959 1905 venerandus
982 1839 1060 1921 olim

382 1949 431 1995 mid
442 1950 474 2009 lais
495 1947 578 2009 balgen
588 1954 653 2008 geste
669 1945 776 2007 gyddode
816 1942 916 2005 geiylled

355 2013 483 2096 Spiritu
507 2010 625 2074 Sancto
651 2009 768 2073 cecinit
792 2006 936 2090 repletus

360 2129 390 2160 on
417 2114 487 2176 godes
513 2111 630 2174 geporden
674 2116 812 2172 cynnestrun
873 2107 953 2171 punc&

357 2177 397 2240 In
421 2177 485 2240 Dei
511 2176 635 2238 facturn
661 2173 839 2236 Genetrice
866 2183 993 2236 constat

713 2279 772 2326 beon

700 2343 781 2404 Esse
805 2341 922 2404 Maria.

372 2443 428 2504 pros
499 2444 543 2504 god
575 2442 685 2492 heofones
735 2442 856 2504 Jdrihteu
969 2440 1055 2499 corban

354 2507 445 2570 Haec
468 2506 576 2570 Deum
601 2506 662 2573 celi
686 2505 930 2589 Dominumque
958 2514 1060 2564 terrae

363 2610 453 2658 maeden
465 2609 508 2656 heo
519 2576 646 2671 geeacnode
670 2623 685 2670 Ἰ
699 2608 741 2654 heo
753 2608 845 2655 acaende
879 2606 970 2653 maeden

351 2674 455 2756 Virgo
482 2672 630 2755 concepit
653 2672 846 2755 peperitque
870 2671 973 2754 Virgo

408 2791 424 2836 7
497 2774 561 2821 aefter
593 2773 704 2835 cenniuge
716 2773 759 2820 heo
769 2774 897 2835 geeamode
908 2772 1011 2836 punigen

354 2840 466 2922 Atque
491 2849 566 2921 post
589 2848 718 2921 partum
742 2837 862 2900 meruit
887 2858 1016 2899 manere

701 2940 877 3002 ungepaemmed

703 3004 875 3067 inviolata.

384 3107 450 3167 breue
484 3107 583 3154 seeolde
619 3108 705 3170 rihtpis
907 3119 1061 3153 onesimum

352 3169 461 3235 Quem
486 3193 585 3233 senex
606 3173 717 3256 justus
741 3169 883 3255 Symeon
906 3171 940 3232 in
966 3168 1053 3232 ulnis

362 3288 390 3318 on
434 3272 491 3318 huso
541 3273 679 3333 underfengc
713 3272 818 3319 drihtnes
850 3271 994 3332 saegnigende

352 3335 392 3396 ln
417 3335 512 3397 domo
538 3336 676 3418 sumpsit
699 3334 834 3399 Domini
860 3334 988 3416 gavisus

361 3435 396 3482 for
459 3437 493 3496 by
546 3436 684 3497 gepiscodne
889 3450 974 3497 gereon

349 3500 402 3563 Ob
428 3500 517 3583 quod
541 3510 687 3582 optatum
714 3499 848 3583 proprio
871 3499 1012 3563 videret⁹

705 3602 752 3648 mid
765 3617 837 3663 eagan
917 3602 972 3650 on‘st

695 3666 837 3730 Lumine
862 3666 1038 3730 Christum.

360 3769 391 3827 pu
401 3766 510 3815 lustbaere
521 3769 687 3831 gepilnungum
700 3784 729 3831 pe
740 3768 826 3816 bidduu
875 3767 990 3815 biddende

348 3830 400 3893 Tu
426 3830 532 3894 libens
554 3833 639 3894 votis
664 3832 807 3916 petimus
833 3843 1022 3915 precantum

295 4083 300 4112 ¹
320 4085 422 4132 Durham
435 4087 498 4139 MS„
512 4086 550 4134 fol.
564 4088 602 4133 16.
792 4086 849 4133 with
871 4088 978 4146 ‘memit
994 4090 1019 4135 lte
1035 4090 1176 4150 penarense?
1194 4090 1270 4139 added

293 4148 303 4176 ²
322 4151 352 4196 In
373 4151 427 4198 MS.
441 4150 470 4197 D.
489 4151 610 4213 originally
627 4151 740 4206 ‘videre‚'
791 4167 817 4198 as
827 4168 842 4198 a
852 4151 920 4213 gloss.
