2896 4844
366 453 613 500 suono-saxon
637 455 865 502 nruunnruu.
1059 445 1119 509 155

244 592 492 677 Absentemque
518 592 605 656 diem
631 592 692 656 lux
720 594 800 676 aegit
826 586 945 659 aemula

245 695 354 761 Quam
378 717 447 758 nox
472 718 547 759 cum
573 694 677 759 lacero
699 696 786 761 victa
806 697 894 780 fugit
919 697 1062 782 peplo.]¹

287 798 317 861 Ο
343 821 394 861 res
418 798 514 882 digna
539 798 638 862 Pater
662 821 760 882 quam
785 798 847 863 tibi
870 799 1005 863 roscidae

243 899 341 964 Votis
365 899 528 983 principio
553 921 636 983 grex
662 910 740 963 tuus
764 900 877 964 offerat

242 998 333 1062 Luce
361 1022 426 1083 qua
451 999 570 1063 tribuis
595 1000 643 1063 nil
666 1000 846 1082 preciosius

243 1099 333 1165 Luce
359 1124 424 1186 qua
448 1101 576 1187 reliqua
599 1103 723 1187 premia
749 1103 920 1167 cernimus.

286 1202 339 1267 Tu
361 1202 422 1265 lux
443 1225 518 1266 vera
541 1204 644 1267 oculis
666 1204 727 1267 lux
750 1227 882 1289 quoque
904 1206 1051 1270 sensibus

244 1302 339 1367 Intus
362 1314 400 1366 tu
427 1304 594 1386 speculum
618 1315 657 1369 tu
683 1305 852 1388 speculum
878 1305 958 1369 foris

242 1405 370 1469 Lumen
396 1406 486 1489 quod
510 1405 669 1469 famulans
694 1405 794 1469 offero
818 1407 944 1491 suscipe

245 1507 399 1570 Tinctum
424 1507 550 1591 pacifici
577 1506 759 1569 chrismatis
779 1507 935 1592 unguine.

286 1609 350 1671 Per
367 1607 533 1672 Christum
550 1607 710 1670 Genitum
732 1631 855 1671 summe
872 1609 970 1672 Pater
993 1621 1087 1673 tuum

246 1708 284 1771 [n
308 1731 374 1793 quo
399 1708 538 1773 visibilis
562 1718 627 1771 stat
652 1709 715 1772 tibi
741 1709 844 1793 gloria

241 1811 311 1878 Qui
334 1823 444 1876 noster
467 1812 629 1876 Dominus
655 1812 714 1895 qui
737 1822 815 1876 tuus
843 1813 960 1878 unicus

242 1911 353 1996 Spirat
376 1913 416 1977 de
441 1913 548 1998 patrio
574 1914 669 1977 corde
693 1913 902 1979 Paraclitum.

284 2015 348 2078 Per
370 2037 468 2098 quem
494 2014 645 2098 splendor
671 2015 773 2078 honor
796 2016 866 2080 laus
892 2019 1049 2102 sapientia

240 2113 397 2200 Majestas
420 2117 548 2180 bonitas
573 2129 607 2180 et
631 2116 736 2201 pietas
762 2128 819 2180 tua

239 2214 392 2299 Regnum
416 2217 586 2280 continuat
612 2217 745 2280 numine
767 2218 888 2303 triplici

210 2390 216 2397 ,
239 2315 371 2381 Texens
393 2317 562 2402 perpetuis
588 2317 697 2381 secula
720 2320 847 2384 seculis.

345 2624 442 2686 2Ja1n
465 2623 593 2686 Christe
617 2622 674 2684 Sol
696 2622 842 2686 Justitiae

323 2724 447 2789 Mentis
472 2724 616 2788 diescant
643 2725 787 2787 tenebrae

321 2826 494 2891 Virtutum
521 2835 558 2888 ut
584 2825 644 2888 lux
668 2824 778 2888 redeat

324 2927 433 2991 Terris
459 2927 545 2990 diem
572 2927 649 2988 dum
675 2948 814 3009 reparas.

363 3030 454 3093 Dans
480 3038 609 3111 tempus
635 3028 834 3111 acceptabile

320 3130 367 3195 Et
391 3130 540 3214 penitens
566 3152 621 3193 cor
647 3131 755 3194 tribue

320 3234 496 3298 Convertat
518 3244 558 3297 ut
581 3232 765 3316 benignitas

324 3336 417 3402 Quos
440 3335 537 3419 longa
561 3335 676 3401 suffert
700 3335 815 3419 pietas.

361 3437 593 3522 Quiddamque
616 3437 799 3532 penitentie

317 3539 371 3602 Da
395 3538 480 3601 ferre
507 3539 653 3622 quamvis
676 3539 846 3622 grandium

317 3639 444 3722 Majore
469 3649 529 3701 tuo
555 3660 689 3701 munere

316 3742 394 3808 Quo
418 3738 564 3822 demptio
590 3736 633 3800 sit
659 3736 841 3800 criminum.

244 4004 296 4052 Om.
307 4003 331 4050 in
343 4004 374 4051 V.
521 4000 531 4030 ²
548 4002 609 4051 Cott.
622 4002 676 4050 MS.
690 4002 761 4064 Vesp.
773 4001 969 4051 D.xii.sol.1·20.
