2896 4844
413 467 657 512 ANGLO·SAXON
684 471 912 516 HYMNARIUM.

440 623 544 687 eallunga
570 640 604 672 nu
647 625 953 690 pufaederlicebeorhtuyss

431 687 505 750 Jam
530 711 617 751 nunc
643 701 778 773 paterna
801 691 930 754 claritas

405 799 433 857 be
500 813 530 859 pe
540 799 626 860 biddab
670 801 845 862 genihtsumlioe

392 860 439 924 Te
465 863 666 946 postulamus
693 865 815 928 affatim

393 986 453 1033 apeg
462 973 539 1034 gepito
550 974 645 1036 galnyss
658 975 828 1038 gehorpigendo

390 1035 489 1099 Absit
515 1036 618 1102 libido
645 1040 812 1103 sordidans

452 1148 519 1210 7aelc
613 1149 666 1197 daed
709 1149 848 1211 derigendlic

391 1209 571 1295 Omnisque
598 1222 688 1276 aetus
714 1214 845 1276 noxius

453 1336 469 1382 Ἰ
545 1322 580 1369 lul
612 1339 642 1371 ne
653 1339 681 1385 sy
690 1325 750 1384 oppa
799 1323 868 1384 elipor

431 1385 502 1447 Neo
528 1385 602 1448 feda
625 1387 668 1449 sit
692 1386 745 1449 vel
770 1387 896 1450 lubrica

392 1495 544 1557 gelegednyss
592 1512 644 1544 ures
708 1497 821 1544 liohoman

388 1558 542 1643 Conpago
569 1561 671 1623 nostri
697 1562 840 1644 corporis

395 1669 454 1728 burh
515 1671 545 1731 ba
631 1669 694 1732 hylle
754 1671 871 1732 onfyrum

386 1733 451 1796 Per
477 1756 575 1818 quam
602 1735 725 1798 Averni
752 1735 882 1817 ignibus

388 1859 418 1905 pe
427 1844 482 1891 selle
493 1843 554 1891 beoli
566 1844 702 1907 forspaelede
712 1845 827 1894 teartlioor

386 1907 454 1992 Ipsi
481 1931 659 1972 crememur
685 1910 800 1974 acrius,

446 2020 481 2066 for
520 2021 553 2081 ΡΥ
619 2019 716 2081 alysend
825 2019 951 2082 pebiddab

426 2082 478 2146 Ob
504 2083 566 2145 hoc
592 2084 777 2167 redemptor
802 2105 977 2165 quesumus

392 2192 440 2250 beet
494 2205 548 2236 man
631 2205 671 2236 ure
731 2189 869 2250 puadilegie

385 2253 434 2316 Ut
456 2254 575 2337 probra
601 2264 711 2315 nostra
736 2253 847 2315 deluas
893 2309 897 2316 .

407 2362 459 2410 lifes
561 2379 612 2411 ecee
708 2362 848 2425 behelnyssa

379 2426 461 2527 Vitp
489 2427 663 2511 perhennis
690 2428 856 2490 commoda

423 2554 452 2585 us
529 2538 669 2601 palpillendo
707 2537 847 2600 pupurhtao

383 2601 489 2665 Nobis
514 2603 676 2686 benignus
702 2601 859 2665 conferas.

415 2713 509 2773 onpam
535 2711 622 2760 flaesoer
643 2709 881 2772 framdaedoutlagan

423 2775 499 2840 Quo
525 2775 628 2839 camis
654 2786 729 2838 actu
758 2774 873 2836 exules
923 2831 925 2835 ,

380 2888 510 2948 gepordene
521 2886 564 2934 heo
575 2884 634 2948 sylfe
644 2885 728 2932 heofan
738 2885 851 2946 biggende

379 2950 499 3013 Effecti
538 2951 600 3034 ipsi
639 2949 760 3045 celibes

393 3074 437 3120 spa
446 3075 489 3121 spa
501 3074 531 3120 pe
542 3059 650 3118 anbidiap
684 3057 824 3116 forbalotene

386 3122 435 3186 Ut
457 3122 672 3207 prestolamur
696 3119 808 3182 cernui

408 3233 456 3280 lofu
522 3246 552 3294 pe
563 3232 645 3294 singen
684 3229 777 3293 puldrer

387 3297 494 3360 Melos
518 3317 669 3360 canamus
694 3294 808 3391 glorip.

450 3408 529 3471 getiba
584 3408 656 3456 faeder
692 3409 723 3469 liu
733 3407 861 3454 arfaesterta

427 3474 541 3537 Presta
565 3473 665 3536 Pater
692 3470 836 3556 piissime

415 3584 515 3647 *jfaeder
584 3599 677 3645 gemnae
715 3582 856 3630 anoaenneda

384 3647 540 3731 Patrique
567 3670 696 3731 compar
721 3647 816 3708 unice

413 3756 461 3802 mid
532 3762 596 3818 gasle
693 3754 762 3802 frofer

384 3819 467 3881 Cum
495 3819 621 3904 Spiritu
646 3819 804 3903 paraclito

906 3638 964 3671 ae'·

392 3944 408 3991 Ἰ
474 3946 506 3977 nu
572 3944 657 3992 7⁰11
730 3945 825 3992 ecnysse

380 3994 427 4057 Et
453 4016 539 4056 nuno
565 4004 599 4056 et
623 3995 658 4056 in
683 4004 889 4079 perpetuum.

799 4096 819 4142 si
830 4094 866 4141 hit
876 4110 924 4158 spa.

796 4159 915 4223 Auru.
