2896 4844
653 462 830 507 APPENDIX
854 464 897 507 ΤΟ

514 602 626 666 Unum
651 615 683 666 te
709 601 819 666 lumen
845 605 1005 668 credimus

470 704 570 770 Quod
595 714 628 767 et
655 714 705 766 ter
728 704 814 767 idem
840 705 981 795 colimus

471 806 583 890 Alpha
607 819 640 870 et
666 807 696 871 Ο
720 831 817 892 quem
841 808 979 872 dicimus

471 909 518 971 Te
541 909 655 972 laudet
681 910 783 972 omnis
809 910 952 994 spiritus.

514 1010 601 1073 Laus
624 1010 715 1074 Patri
739 1010 782 1073 sit
806 1010 953 1094 ingenito

471 1111 558 1174 Laus
581 1112 665 1196 Ejus
689 1111 868 1196 Unigenito

442 1275 444 1278 ,
470 1213 558 1277 Laus
584 1213 628 1276 sit
651 1212 771 1277 Sancto
795 1212 936 1297 Spiritui

471 1316 572 1379 Trino
595 1316 669 1380 Deo
693 1326 727 1379 et
749 1315 898 1401 simplici.

773 1417 892 1481 Amen.

406 1751 563 1836 [ALIUS
598 1752 663 1817 DE
694 1752 793 1818 UNO
824 1751 1125 1836 APOSTOLO.]¹

425 1939 545 2003 Annue
573 1940 702 2005 Christe
733 1941 914 2003 seculorum
942 1939 1085 2003 Domine

382 2041 487 2106 Nobis
510 2042 708 2127 perborum
733 2041 795 2105 tibi
819 2063 891 2104 cara
915 2040 1032 2104 merita

382 2142 431 2206 Ut
455 2144 512 2227 qui
537 2156 570 2207 te
595 2166 711 2207 coram.
725 2143 865 2228 graviter
887 2143 1084 2227 deliquimus

385 2243 514 2307 Horum
538 2244 704 2308 solvantur
727 2244 878 2329 gloriosis
902 2245 1064 2329 precibus.

430 2344 526 2408 Salva
552 2345 754 2430 Redemptor
779 2346 901 2430 plasma
926 2357 1020 2408 tuum
1045 2344 1153 2407 nobile

386 2445 557 2528 Signatum
583 2457 693 2509 sancto
718 2446 828 2511 vultus
853 2448 903 2510 tui
928 2447 1052 2509 lumine

385 2547 438 2610 Ne
465 2547 598 2611 lacerari
622 2549 707 2612 sinas
730 2549 845 2613 fraude
872 2550 1045 2612 demonum

386 2649 525 2733 Propter
550 2650 638 2733 quod
664 2651 777 2715 mortis
804 2650 974 2715 exsolvisti
997 2649 1151 2734 pretium.

380 2738 384 2745 ¹
428 2751 513 2815 Dole
538 2751 681 2835 captivos
707 2774 774 2814 esse
796 2763 871 2815 tuos
897 2751 1041 2815 servulos

384 2852 528 2916 Absolve
552 2875 623 2916 reos
648 2854 846 2938 compeditos
872 2855 959 2938 erige

385 2955 431 3017 Et
457 2977 538 3039 quos
562 2977 674 3017 cruore
701 2956 866 3020 redemisti
889 2957 1021 3041 proprio

384 3057 462 3121 Rex
486 3058 571 3119 bone
598 3068 703 3119 tecum
728 3057 778 3120 fac
801 3059 941 3142 gaudere
963 3057 1133 3142 perpetim.

429 3157 480 3220 Sit
503 3157 565 3221 tibi
587 3158 666 3222 Jesu
687 3159 857 3222 benedicte
880 3159 1021 3222 Domine

386 3260 502 3324 Gloria
524 3261 627 3322 virtus
652 3260 755 3322 honor
781 3273 815 3322 et
840 3260 1013 3343 imperium

386 3362 462 3424 Una
487 3383 560 3423 curn
584 3360 680 3421 Patre
705 3359 889 3442 Sanctoque
913 3359 1075 3423 Paraclito

387 3461 470 3524 Cum
495 3460 613 3544 quibus
639 3480 752 3541 regnas
776 3459 868 3521 Deus
893 3473 968 3522 ante
992 3461 1110 3523 secula.

1037 3563 1154 3627 Amen.

308 3819 314 3848 ¹
332 3820 394 3869 cott.
406 3821 460 3869 MS.
472 3819 541 3880 Vesp.
552 3819 582 3866 D.
591 3819 633 3866 xii.
645 3819 684 3866 fol.
693 3821 723 3866 98
735 3819 760 3879 b,
772 3819 864 3866 written
876 3834 936 3880 upon
946 3834 960 3866 a
970 3817 1094 3867 continued
1105 3834 1204 3867 erasum.
