2896 4844
235 448 279 511 82
490 468 737 512 suano-saxos
761 468 991 513 uruuaaruu.

264 841 515 908 INCIPIUNT
547 843 675 908 YMNI
707 843 771 906 DE
805 839 1211 904 RESURRECTIONE

646 942 852 1009 DOMINI.l

509 1134 534 1174 tc
550 1127 775 1190 aefcn·gcreordunga
790 1129 877 1177 lambcs
887 1128 1038 1191 sare-glaapes

493 1191 549 1254 Ad
573 1215 683 1255 cenam
710 1192 800 1276 Agni
824 1193 951 1277 providi

458 1308 476 1356 Ἰ
492 1294 542 1342 mid
552 1295 643 1357 gyrlum
653 1295 745 1356 hpitum
756 1296 891 1344 scinendnm

378 1367 392 1411 t
448 1357 495 1421 Et
521 1359 613 1422 stolis
638 1359 720 1422 albis
746 1360 874 1423 candidi

458 1460 525 1508 aefter
572 1461 723 1510 ofer-sacrcldc
788 1461 819 1510 sa
879 1462 958 1508 rendre

449 1524 530 1588 Post
557 1526 730 1589 transitum
756 1526 851 1589 maris
875 1524 966 1587 rubri

475 1625 543 1674 crista
602 1634 659 1674 uton
670 1627 751 1690 singen
785 1627 801 1665 Ι
817 1626 892 1674 ealdre

450 1686 579 1753 Christo
606 1713 757 1754 canamus
782 1690 933 1774 principi.

522 1793 572 1853 lraes
636 1792 729 1854 haligne
809 1790 923 1838 lichoman

490 1855 594 1940 Cujus
618 1878 745 1918 sacrum
771 1853 1000 1938 corpusculum

457 1957 596 2020 onpeoscds
616 1957 671 2005 rode
735 1958 858 2019 gebraedne

353 2076 367 2111 Ἴ
449 2019 489 2083 In
511 2044 566 2085 ara
589 2022 694 2085 crucis
718 2022 879 2084 torridum

359 2114 362 2127 ¹
456 2122 505 2170 mid
515 2124 582 2172 blode
614 2123 652 2172 his
694 2125 788 2173 rendum

446 2187 570 2252 Cruore
594 2190 665 2274 ejus
691 2211 782 2251 roseo

451 2291 625 2353 onbyrgcndum
658 2290 777 2354 pelibbab
809 2290 867 2352 gode

447 2353 621 2418 Gustando
645 2355 783 2417 vivimus
805 2353 889 2416 Deo.

515 2457 615 2518 gescilda
680 2463 771 2504 esstrcn
830 2452 930 2501 onaefen

490 2519 636 2584 Protecti
661 2519 787 2617 Paschp
810 2539 941 2600 vespere

443 2621 480 2668 fra
520 2623 674 2684 apestcndum
735 2621 808 2684 aengle

447 2684 480 2747 A
503 2685 688 2750 devastante
714 2684 844 2769 Angelo

444 2788 556 2850 gcnerode
594 2788 621 2835 of
650 2789 682 2849 ba
692 2787 829 2841 heardestan

445 2851 563 2935 Erepti
589 2852 628 2915 de
654 2853 825 2916 durissimo

488 2953 573 3001 deoflcs
660 2957 772 3018 anpealde

446 3017 623 3081 Pharaonis
647 3019 795 3104 imperio,

488 3121 595 3185 callunga
610 3129 701 3171 eastran
782 3139 822 3171 ure
935 3123 991 3170 crist
1077 3121 1097 3168 is

489 3186 561 3248 Jam
587 3187 705 3270 pascha
725 3200 872 3251 nostrum
897 3186 1045 3249 Christus
1068 3193 1118 3247 est

451 3287 518 3349 salte
581 3289 683 3350 geoffrod
779 3289 840 3337 lamb
905 3291 925 3336 is

446 3351 515 3417 Qui
541 3352 725 3415 immolatus
748 3352 865 3435 Agnus
891 3363 939 3414 est

488 3450 620 3514 syfernyssa
696 3452 764 3516 pcarf

449 3513 653 3579 sinceritatis
677 3518 783 3580 azima

455 3614 516 3664 flaesc
574 3616 612 3665 his
677 3633 727 3681 paes
770 3619 869 3682 geoffrod

447 3679 529 3744 Caro
555 3683 626 3767 ejus
653 3683 762 3746 oblata
784 3695 843 3748 cst.

487 3782 538 3830 cala
548 3785 580 3844 bu
591 3783 675 3846 suplice
687 3784 792 3848 puritfull
802 3788 966 3850 onsaegednyss

489 3846 519 3910 Ο
543 3869 617 3910 vere
642 3848 739 3932 digna
761 3850 868 3913 hostia

377 3938 381 3947 ’
444 3945 505 4009 burh
570 3946 603 3996 iia
650 3950 772 3998 tobrocena
792 3958 847 4012 synt
905 3951 965 3999 helle

443 4012 507 4074 Per
535 4034 632 4096 quam
657 4013 760 4076 fracta
784 4024 860 4077 sunt
883 4024 1004 4078 tartara

576 4203 583 4231 ¹
601 4203 705 4252 Durham
717 4203 779 4263 MS.‚
795 4203 834 4270 fal.
845 4203 885 4251 24.
