2896 4844
680 473 856 519 APPENDIX
879 476 923 520 To

418 824 639 890 HYMNUM
677 826 741 891 DE
781 827 967 893 SANCTO
1006 828 1166 893 PETRO

653 927 939 996 PAULOQUE.¹

419 1104 517 1168 Felix
539 1127 597 1189 per
620 1127 730 1169 omnes
753 1106 875 1171 festum
899 1109 1013 1172 mundi
1040 1110 1184 1175 cardines

376 1206 612 1291 Apostolorum
637 1207 799 1292 prepollet
823 1209 971 1273 alacriter

375 1308 466 1373 Petri
489 1310 578 1372 beati
601 1308 697 1373 Pauli
719 1311 926 1375 sacratissimi

375 1411 469 1478 Quos
492 1411 641 1475 Christus
664 1413 748 1476 almo
773 1415 969 1477 consecravit
992 1415 1147 1498 sanguine

372 1513 612 1578 Aecclesiarum
636 1515 805 1599 deputavit
828 1515 1001 1600 principes.

414 1615 475 1678 Hii
501 1627 577 1678 sunt
600 1615 683 1680 olive
708 1617 771 1680 due
798 1639 904 1679 coram
927 1617 1069 1681 Domino

368 1717 416 1781 Et
439 1716 628 1781 candelabra
650 1718 723 1782 luce
749 1718 909 1783 radiantia

368 1817 518 1882 Preclara
543 1819 604 1880 celi
627 1819 693 1882 duo
715 1819 889 1883 luminaria

366 1920 480 1984 Fortia
504 1918 636 1983 solvunt
659 1931 867 2004 peccatorum
889 1920 1018 1985 vincula

365 2023 480 2086 Portas
503 2020 660 2105 Olymphi
687 2033 831 2085 reserant
856 2023 1021 2088 fidelibus.

408 2123 543 2187 Habent
566 2146 720 2208 supernas
744 2133 938 2208 potestatem
964 2124 1112 2188 claudere

364 2224 519 2289 Sermone
545 2227 638 2290 sedes
662 2227 803 2310 pandere
827 2226 1029 2311 splendentia
1133 2285 1135 2289 .

360 2326 489 2390 Limina
515 2325 584 2410 poli
609 2350 704 2411 super
730 2327 795 2390 alta
818 2328 923 2392 sidera

359 2428 506 2512 Linguae
530 2451 642 2491 eorum
668 2427 772 2492 claves
797 2428 859 2491 celi
884 2427 969 2490 facte
992 2439 1070 2492 sunt

358 2532 477 2596 Larvas
500 2530 665 2616 repellunt
690 2530 777 2595 ultra
803 2529 915 2593 mundi
939 2529 1073 2595 limites.

400 2633 519 2696 Petrus
545 2634 661 2696 beatus
676 2642 872 2696 catenarum
896 2631 1031 2717 laqueos

357 2735 487 2798 Christo
506 2735 645 2818 jubente
671 2733 763 2817 rupit
787 2733 980 2798 mirabiliter

356 2836 475 2899 Custos
499 2834 592 2898 ovilis
618 2844 651 2897 et
674 2832 786 2895 doctor
811 2833 946 2935 ecclesie

354 2938 536 3021 Pastorque
560 2936 667 3020 gregis
689 2946 893 3001 conservator
917 2937 1027 3000 ovium

353 3040 457 3103 Arcet
480 3039 634 3122 luporum
660 3036 877 3100 truculentam
902 3040 1037 3102 rabiem.

394 3141 624 3225 Quodcunque
645 3140 761 3203 vinclis
784 3162 881 3224 super
907 3152 1026 3205 terram
1051 3141 1222 3206 strinxerit

349 3243 425 3307 Erit
448 3242 483 3305 in
508 3242 602 3305 astris
625 3241 798 3325 religatum
820 3242 950 3306 fortiter

349 3343 396 3408 Et
420 3343 509 3426 quod
533 3341 665 3405 resolvit
689 3343 724 3404 in
751 3344 846 3407 terris
870 3345 1005 3408 arbitrio

348 3446 424 3510 Erit
448 3443 592 3508 solutum
617 3465 714 3526 super
740 3442 802 3505 celi
825 3443 952 3507 radium

348 3547 390 3610 In
412 3547 477 3610 fine
501 3545 615 3609 mundi
635 3544 743 3629 judex
766 3545 829 3608 erit
854 3546 966 3610 seculi.

285 3718 291 3733 „
390 3649 468 3712 Non
491 3647 596 3731 impar
622 3645 745 3709 Paulus
768 3645 846 3711 huic
870 3647 983 3710 doctor
1006 3648 1154 3731 gentium

344 3749 525 3814 Electionis
551 3749 710 3833 templum
737 3749 986 3813 sacratissimum

344 3851 386 3916 In
409 3860 512 3914 morte
537 3873 667 3934 compar
686 3851 722 3913 in
745 3873 862 3914 corona
887 3850 1046 3934 particeps

288 4105 295 4134 ¹
312 4107 375 4154 Cott.
384 4106 438 4154 MS.
450 4107 520 4168 Vesp.
532 4107 562 4154 D.
574 4107 730 4156 xii.f01.48b.
783 4107 829 4154 122
848 4107 874 4154 of
890 4107 929 4154 the
948 4123 1011 4154 same
1022 4107 1087 4168 Ma,
1098 4112 1259 4175 acoompanied

254 4171 305 4219 Tha
324 4170 374 4218 first
390 4178 470 4218 staura
488 4171 509 4219 is
525 4173 632 4234 repeated
648 4172 673 4220 in
689 4172 730 4219 fol.
781 4173 813 4232 by
822 4171 861 4218 the
872 4172 951 4222 music.
