2896 4844
515 451 760 496 ANGLO-SAXON
787 450 1015 493 HYMNARIUM.

493 592 558 654 bisne
635 591 679 639 eall
766 592 785 648 b
852 606 881 636 on
902 589 968 636 heom
991 603 1020 649 ys

471 657 588 719 Huno¹
614 678 706 718 omne
734 655 821 738 quod
846 654 878 716 in
905 653 951 716 eis
978 662 1027 713 est

525 759 603 807 eeldor
700 764 802 819 tocymes
852 754 918 817 pines

471 825 650 886 Auctorem
674 820 830 883 adventus
857 819 906 882 tui

490 925 568 989 hym&
628 924 768 987 blissigende
795 922 843 970 mid
853 923 955 984 lofssngo

469 991 597 1054 Laudat
623 988 774 1052 exultans
804 987 942 1049 cantico.

539 1094 568 1153 be
616 1091 737 1152 eacspiloe
766 1091 836 1153 pepe
873 1089 944 1150 belgii
987 1087 1044 1148 binii

513 1156 583 1220 Nos
610 1178 742 1239 quoque
769 1153 826 1239 qui
854 1163 963 1216 sancto
988 1161 1046 1213 tuo

519 1258 612 1319 alysede
694 1264 750 1318 synt
814 1254 862 1302 mid
873 1254 940 1303 blodo

469 1321 646 1404 Redempti
671 1342 782 1383 sumus
806 1319 961 1402 sanguine

485 1424 520 1470 for
551 1424 617 1486 daege
632 1421 856 1484 gebyrd·tide}›inre

470 1489 522 1554 Ob
549 1488 634 1550 diem
660 1486 775 1550 natalis
799 1486 849 1549 tui

494 1589 584 1650 lossang
665 1589 737 1649 nipne
769 1586 1018 1650 pesamodhleobriab

468 1653 612 1715 Ymnum
639 1673 759 1714 novum
784 1651 994 1714 concinimus

538 1753 621 1815 puldor
670 1754 699 1813 be
764 1752 856 1800 drihten

512 1816 629 1879 Gloria
655 1817 717 1879 tibi
740 1816 880 1880 Domine

476 1924 508 1984 bu
518 1923 547 1983 pe
562 1920 673 1968 acaenned
689 1926 739 1968 eart
758 1919 783 1966 of
828 1920 932 1966 maedene

470 1986 539 2052 Qui
565 1994 662 2048 natus
688 2006 722 2047 es
748 1983 788 2046 de
810 1982 947 2066 Virgine

495 2087 545 2135 mid
595 2086 668 2134 faeder
706 2101 722 2146 7
755 2085 884 2148 bihnlgan
932 2091 998 2146 geste

470 2152 554 2215 Cum
577 2151 675 2214 Patre
701 2161 735 2213 et
758 2150 878 2214 Sancto
903 2148 1029 2233 Spiritu

474 2269 505 2301 on
612 2267 651 2300 ece
762 2251 859 2315 pornlda

469 2317 512 2381 In
537 2317 732 2400 sempiterna
759 2317 874 2380 secula.

817 2432 935 2494 Amen.

443 2692 611 2757 YMNUS
644 2693 710 2756 AD
746 2688 1076 2757 ΝΟΟΤΠΒΝΑΜ.ρ

547 2851 652 2899 ariseude
727 2857 752 2897 to
783 2852 812 2911 be
856 2849 949 2897 drihten

519 2915 695 2999 Surgentes
720 2915 761 2978 ad
785 2926 817 2978 te
841 2914 981 2977 Domine

479 3027 581 3082 speartre
602 3019 668 3068 nihto
700 3035 730 3066 on
742 3016 859 3082 spigerm³
925 3031 928 3035 ’

471 3085 556 3148 Atre
583 3085 687 3147 noctis
711 3083 841 3147 silentio

474 3186 606 3269 Vigiliis
634 3187 844 3271 obsequimur

474 3289 609 3352 Patrum
635 3298 807 3371 sequentes
832 3287 976 3348 ordinem
1023 3361 1025 3366 s

516 3389 624 3455 Quem
647 3388 741 3449 nobis
767 3385 1012 3468 dereliquerunt

450 3491 555 3553 ‘Jure
580 3489 775 3553 hereditario

476 3592 699 3656 Ministrantes
727 3592 876 3656 excubiis

478 3695 553 3759 Tibi
581 3696 699 3767 Sancte
720 3695 889 3760 Paraclite.

520 3799 596 3862 Pari
620 3770 696 3861 cuni
719 3798 815 3861 Patre
840 3797 946 3876 clarus
972 3821 1005 3861 es

479 3899 562 3961 Cum
585 3899 715 3962 Christo
742 3899 973 3963 subtilissimus

295 4091 302 4120 ¹
319 4093 406 4150 ‘diem‚
417 4092 547 4153 deff—D.
822 4088 832 4118 ³
849 4091 912 4137 Here
930 4091 988 4138 ends
1006 4089 1046 4138 the
1061 4089 1192 4138 interlineor
1207 4090 1268 4152 gloss

295 4155 305 4184 ²
322 4157 425 4205 Durham
438 4157 501 4215 MS„
516 4155 558 4203 iol.
574 4155 610 4203 12.
789 4155 814 4202 in
826 4155 878 4203 MS.
891 4155 920 4202 D.
