2896 4844
441 445 686 489 suono-srxou
711 447 941 494 urmrrsmu.
1132 430 1192 494 113

237 816 405 880 YMNUS
443 818 496 882 IN
530 817 864 882 DEDICATIONE
895 816 1130 883 BASILICAE

433 918 606 984 SANCTI
639 916 932 984 MICHAELIS.¹

504 1114 591 1161 geryne
688 1099 810 1147 tacenbora

440 1162 666 1227 Misteriorum
690 1162 824 1246 signifer

434 1263 573 1311 heofonliera
585 1262 599 1309 6
610 1265 660 1312 eale
670 1266 702 1325 pu
712 1263 772 1312 heah
783 1264 857 1324 aeugel

398 1325 595 1390 Caelestium
618 1326 822 1411 Archangele

407 1432 437 1491 pe
513 1429 646 1492 hulsigende
722 1429 856 1493 pebiddap

398 1493 446 1556 Te
471 1494 690 1577 supplicantes
717 1510 895 1588 qupsumus

417 1598 436 1657 ’b
486 1613 514 1644 us
578 1596 638 1658 glaed
695 1595 859 1658 pugeneosige

398 1661 446 1724 Ut
470 1683 527 1723 nos
550 1660 696 1744 placatus
720 1659 841 1723 visites.

441 1761 535 1825 yusylf
555 1761 603 1810 mid
647 1761 740 1824 halgum
799 1760 900 1822 aenglum

441 1828 515 1911 Ipse
542 1849 616 1890 oum
640 1825 759 1890 sanctis
782 1824 919 1907 Angelis

418 1929 466 1976 mid
482 1928 606 1988 rihtpisum
638 1928 687 1976 mid
745 1927 850 1990 apostolo

398 1991 481 2055 Cum
501 1993 600 2077 justis
626 2015 699 2055 cum
727 1990 897 2075 Apostolis

430 2095 524 2142 onleoht
589 2103 656 2156 stopo
705 2094 817 2155 ealnepeg

400 2158 543 2221 Inlustra
569 2159 675 2221 locum
694 2157 821 2242 jugiter

405 2261 507 2323 oulraere
535 2277 567 2309 nu
615 2261 731 2310 biddende
765 2256 930 2321 pedrohtnisss

399 2325 476 2392 Quo
502 2349 589 2389 nunc
616 2335 744 2388 orentes
772 2323 929 2406 degimus·

500 2428 636 2477 claennestra
760 2427 822 2474 ealra

443 2492 702 2556 Castissimorum
729 2491 873 2556 omnium

458 2594 538 2657 larepa
614 2608 630 2660 7
713 2595 805 2656 biscopo

400 2657 580 2720 Doctorum
605 2682 641 2721 ae
667 2659 860 2742 pontificum

420 2759 455 2806 sor
520 2776 547 2807 us
633 2761 692 2808 bena
740 2759 887 2822 genihtsuma'

399 2822 464 2885 Pro
488 2824 582 2886 nobis
607 2846 719 2907 preces
743 2824 885 2907 profluas

436 2927 513 2973 estfull
578 2926 634 2973 offra
698 2925 791 2973 drihtne

400 2990 547 3052 Devotus
574 2990 655 3052 offer
677 2989 829 3053 Domino.

475 3091 544 3138 feond
609 3091 734 3138 headraefe
779 3093 971 3153 ppaenerepan

443 3155 582 3218 Hostem
608 3154 745 3241 repellat
771 3168 809 3218 ut
833 3175 945 3253 sevum

438 3258 536 3320 *Jspede
601 3257 665 3306 sibbe
701 3257 831 3319 gerihtlaeee

402 3321 573 3407 Opemque
596 3322 683 3406 pacis
709 3321 829 3406 dirigat

412 3439 428 3487 Ἰ
493 3440 534 3472 ure
615 3426 693 3472 semod
743 3425 834 3474 breoeto

401 3489 448 3552 Et
471 3499 580 3552 nostra
606 3488 702 3552 simul
725 3499 857 3574 pectora

406 3591 494 3652 geleafa
536 3590 658 3637 sulfremed
716 3590 855 3652 geondscins

403 3654 500 3718 Fides
523 3654 668 3738 perfecta
693 3652 880 3738 perlustret.

492 3753 582 3815 astigau
690 3768 731 3800 ure
796 3752 847 3815 Paer
857 3752 930 3801 rihtet

445 3817 633 3882 Ascendant
660 3827 770 3919 nostr?
795 3817 947 3901 protinus

420 3931 443 3969 to
492 3920 618 3984 prymsetle
670 3920 745 3968 stefna
779 3921 872 3983 putores

403 3987 458 4049 Ad
482 3986 635 4048 thronum
663 3984 749 4047 vocis
773 3985 877 4084 glorie

524 4182 529 4210 ¹
549 4182 652 4229 Durham
665 4182 729 4240 MS.‚
743 4181 784 4229 sol.
797 4181 828 4227 33
839 4181 862 4227 b.
