2896 4844
633 477 810 524 APPENDIX
834 478 880 522 To

511 619 558 684 Et
582 619 640 703 qui
665 620 724 682 hae
750 618 831 681 hora
855 619 1029 704 mysticum

471 720 592 784 sedisti
615 742 713 804 super
737 731 876 804 puteum

467 822 572 885 Fonte
599 832 659 884 tuo
682 844 741 884 nos
769 820 870 904 irriga

467 922 580 1007 Atque
605 921 672 984 sole
695 921 865 986 inlumina.

553 1024 668 1086 Presta
692 1023 753 1085 hoc
778 1023 871 1086 Deus
894 1023 1050 1086 Trinitas.

509 1369 676 1436 YMNUS
707 1369 774 1434 AD
805 1366 1005 1435 NONAM.¹

509 1547 603 1610 Hora
625 1568 710 1610 nona
735 1569 800 1630 que
826 1545 970 1608 canimus

464 1648 598 1712 Exaudi
621 1649 700 1711 Jesu
725 1649 868 1732 petimus

466 1750 575 1817 Quam
600 1760 678 1813 tuus
700 1748 808 1812 reddit
832 1749 943 1812 obitus

466 1850 706 1914 Sacrosanctam
729 1849 931 1912 mortalibus.

509 1951 581 2014 Hac
606 1950 687 2013 hora
710 1960 770 2013 tuo
793 1949 928 2013 vulnere

465 2054 552 2118 Fons
575 2051 715 2116 manavit
738 2049 875 2152 ecclesie

467 2156 538 2219 Tua
564 2176 622 2217 nos
642 2154 762 2238 jungat
784 2153 898 2217 inclita

466 2257 564 2321 Sacro
587 2255 706 2320 latroni
731 2254 846 2338 gratia.

552 2359 666 2421 Presta
689 2357 750 2419 hoc
773 2357 865 2420 Deus
889 2357 1043 2422 Trinitas.

552 2695 943 2757 [rnruuficauoneu’gume]

371 2835 493 2900 ITEM
522 2833 691 2899 YMNUS
723 2833 787 2898 DE
819 2832 916 2897 SC’A
946 2833 1134 2899 ΜΑΒΙΑ.ε

507 3003 605 3066 Nunc
633 3001 694 3065 tibi
716 3001 821 3085 Virgo
843 3001 1004 3084 virginum

462 3103 592 3167 Laudes
615 3102 785 3166 referimus
808 3103 985 3167 carminum

464 3206 578 3290 Teque
604 3204 666 3268 celi
691 3203 853 3267 dominam

463 3306 619 3371 Resultet
643 3305 703 3368 hee
727 3305 900 3389 plebicula.

343 3399 350 3412 ¹
506 3407 558 3470 Tu
584 3415 680 3489 porta
703 3406 818 3469 domus
843 3396 968 3490 fulgida

462 3505 666 3591 Egressionis
691 3505 792 3569 inscia

460 3610 507 3674 Et
528 3608 618 3691 virga
640 3605 752 3671 fructu
775 3607 889 3673 florida

462 3711 633 3794 Virgoque
658 3719 736 3771 nato
759 3710 900 3792 gravida.

504 3812 552 3875 Te
578 3821 688 3873 nostra
712 3822 827 3874 sonant
850 3813 990 3877 carmina

463 3917 511 3980 Te
533 3912 738 3997 Angelorum
762 3913 891 3997 agmine

280 4148 286 4178 ¹
305 4149 367 4197 cort.
379 4149 434 4197 MS·
447 4149 518 4210 Vesp·
531 4148 561 4197 D.
572 4147 613 4194 xii.
624 4147 662 4194 fol.
674 4147 734 4193 aab.
800 4146 811 4176 2
826 4147 888 4194 con.
902 4149 957 4196 MS.
969 4149 1040 4210 vesp.
1053 4150 1082 4198 D.
1089 4150 1132 4199 xii.
1142 4151 1181 4201 fol.
1189 4153 1229 4201 lu.
