<?xml version="1.0" encoding="UTF-8"?>
<!DOCTYPE html PUBLIC "-//W3C//DTD XHTML 1.0 Transitional//EN"
    "http://www.w3.org/TR/xhtml1/DTD/xhtml1-transitional.dtd">
<html xmlns="http://www.w3.org/1999/xhtml" xml:lang="en" lang="en">
 <head>
  <title>
</title>
<meta http-equiv="Content-Type" content="text/html;charset=utf-8" />
  <meta name='ocr-system' content='tesseract 3.04.00' />
  <meta name='ocr-capabilities' content='ocr_page ocr_carea ocr_par ocr_line ocrx_word'/>
</head>
<body>
  <div class='ocr_page' id='page_1' title='image "./latinhymnsanglo01stevgoog_0080.png"; bbox 0 0 2896 4844; ppageno 0'>
   <div class='ocr_carea' id='block_1_1' title="bbox 467 449 964 495">
    <p class='ocr_par' dir='ltr' id='par_1_1' title="bbox 467 449 964 495">
     <span class='ocr_line' id='line_1_1' title="bbox 467 449 964 495; baseline -0.008 -1"><span class='ocrx_word' id='word_1_1' title='bbox 467 450 712 495; x_wconf 79' lang='lat' dir='ltr'>ANGLO-SAXON</span> <span class='ocrx_word' id='word_1_2' title='bbox 737 449 964 492; x_wconf 81' lang='lat' dir='ltr'><strong>HYMNARIUM.</strong></span> 
     </span>
    </p>
   </div>
   <div class='ocr_carea' id='block_1_2' title="bbox 297 610 891 759">
    <p class='ocr_par' dir='ltr' id='par_1_2' title="bbox 297 610 891 759">
     <span class='ocr_line' id='line_1_2' title="bbox 307 610 891 674; baseline -0.009 -14"><span class='ocrx_word' id='word_1_3' title='bbox 307 614 397 674; x_wconf 77' lang='lat' dir='ltr'>kynges</span> <span class='ocrx_word' id='word_1_4' title='bbox 430 614 479 672; x_wconf 66' lang='lat' dir='ltr'>baes</span> <span class='ocrx_word' id='word_1_5' title='bbox 489 627 544 660; x_wconf 81' lang='lat' dir='ltr'>eccn</span> <span class='ocrx_word' id='word_1_6' title='bbox 588 618 708 658; x_wconf 79' lang='lat' dir='ltr'>cennectre</span> <span class='ocrx_word' id='word_1_7' title='bbox 722 610 849 673; x_wconf 80' lang='lat' dir='ltr'>gefultuma</span> <span class='ocrx_word' id='word_1_8' title='bbox 859 611 891 670; x_wconf 67' lang='lat' dir='ltr'>bu</span> 
     </span>
     <span class='ocr_line' id='line_1_3' title="bbox 297 674 862 759; baseline -0.007 -20"><span class='ocrx_word' id='word_1_9' title='bbox 297 677 398 759; x_wconf 85' lang='lat' dir='ltr'>Regis</span> <span class='ocrx_word' id='word_1_10' title='bbox 421 676 545 739; x_wconf 86' lang='lat' dir='ltr'>aeterni</span> <span class='ocrx_word' id='word_1_11' title='bbox 572 675 730 738; x_wconf 82' lang='lat' dir='ltr'>Genitrix</span> <span class='ocrx_word' id='word_1_12' title='bbox 755 674 862 736; x_wconf 86' lang='lat' dir='ltr'>faveto</span> 
     </span>
    </p>
   </div>
   <div class='ocr_carea' id='block_1_3' title="bbox 269 775 896 925">
    <p class='ocr_par' dir='ltr' id='par_1_3' title="bbox 269 775 896 925">
     <span class='ocr_line' id='line_1_4' title="bbox 269 775 868 839; baseline -0.008 -14"><span class='ocrx_word' id='word_1_13' title='bbox 269 808 276 818; x_wconf 86' lang='lat'><strong>·</strong></span> <span class='ocrx_word' id='word_1_14' title='bbox 352 777 433 824; x_wconf 88' lang='lat' dir='ltr'>beorht</span> <span class='ocrx_word' id='word_1_15' title='bbox 450 776 611 839; x_wconf 65' lang='lat' dir='ltr'>paeshealicun</span> <span class='ocrx_word' id='word_1_16' title='bbox 622 776 749 823; x_wconf 84' lang='lat' dir='ltr'>healdende</span> <span class='ocrx_word' id='word_1_17' title='bbox 776 775 868 822; x_wconf 77' lang='lat' dir='ltr'>roderes</span> 
     </span>
     <span class='ocr_line' id='line_1_5' title="bbox 298 792 896 925; baseline -0.007 -22"><span class='ocrx_word' id='word_1_18' title='bbox 298 792 455 925; x_wconf 85' lang='lat' dir='ltr'>Claraque</span> <span class='ocrx_word' id='word_1_19' title='bbox 482 840 558 903; x_wconf 90' lang='lat' dir='ltr'>celsi</span> <span class='ocrx_word' id='word_1_20' title='bbox 582 840 726 902; x_wconf 88' lang='lat' dir='ltr'>renitens</span> <span class='ocrx_word' id='word_1_21' title='bbox 749 838 896 921; x_wconf 88' lang='lat' dir='ltr'>olymphi</span> 
     </span>
    </p>
   </div>
   <div class='ocr_carea' id='block_1_4' title="bbox 300 940 934 1252">
    <p class='ocr_par' dir='ltr' id='par_1_4' title="bbox 668 940 893 1001">
     <span class='ocr_line' id='line_1_6' title="bbox 668 940 893 1001; baseline 0 -15"><span class='ocrx_word' id='word_1_22' title='bbox 668 940 716 986; x_wconf 81' lang='lat' dir='ltr'>ricu</span> <span class='ocrx_word' id='word_1_23' title='bbox 765 940 893 1001; x_wconf 62' lang='lat' dir='ltr'>huferdect</span> 
     </span>
    </p>

    <p class='ocr_par' dir='ltr' id='par_1_5' title="bbox 300 1003 934 1252">
     <span class='ocr_line' id='line_1_7' title="bbox 643 1003 904 1088; baseline 0 -21"><span class='ocrx_word' id='word_1_24' title='bbox 643 1004 758 1086; x_wconf 87' lang='lat' dir='ltr'>Regna</span> <span class='ocrx_word' id='word_1_25' title='bbox 781 1003 904 1088; x_wconf 89' lang='lat' dir='ltr'>petisti.</span> 
     </span>
     <span class='ocr_line' id='line_1_8' title="bbox 308 1105 888 1168; baseline -0.005 -14"><span class='ocrx_word' id='word_1_26' title='bbox 308 1123 336 1167; x_wconf 78' lang='lat' dir='ltr'>cy</span> <span class='ocrx_word' id='word_1_27' title='bbox 378 1107 437 1168; x_wconf 80' lang='lat' dir='ltr'>gode</span> <span class='ocrx_word' id='word_1_28' title='bbox 496 1122 554 1152; x_wconf 83' lang='lat' dir='ltr'>uran</span> <span class='ocrx_word' id='word_1_29' title='bbox 630 1105 687 1168; x_wconf 82' lang='lat' dir='ltr'>plitc</span> <span class='ocrx_word' id='word_1_30' title='bbox 742 1119 759 1166; x_wconf 66' lang='grc' dir='ltr'>Ἰ</span> <span class='ocrx_word' id='word_1_31' title='bbox 829 1105 888 1152; x_wconf 91' lang='lat' dir='ltr'>miht</span> 
     </span>
     <span class='ocr_line' id='line_1_9' title="bbox 300 1170 934 1252; baseline -0.002 -20"><span class='ocrx_word' id='word_1_32' title='bbox 300 1170 353 1232; x_wconf 86' lang='lat' dir='ltr'>Sit</span> <span class='ocrx_word' id='word_1_33' title='bbox 374 1170 448 1233; x_wconf 91' lang='lat' dir='ltr'>Deo</span> <span class='ocrx_word' id='word_1_34' title='bbox 474 1183 584 1232; x_wconf 85' lang='lat' dir='ltr'>nostro</span> <span class='ocrx_word' id='word_1_35' title='bbox 612 1170 710 1232; x_wconf 89' lang='lat' dir='ltr'>decus</span> <span class='ocrx_word' id='word_1_36' title='bbox 733 1180 768 1237; x_wconf 84' lang='lat' dir='ltr'>et</span> <span class='ocrx_word' id='word_1_37' title='bbox 791 1178 934 1252; x_wconf 86' lang='lat' dir='ltr'>potestas</span> 
     </span>
    </p>
   </div>
   <div class='ocr_carea' id='block_1_5' title="bbox 299 1268 974 1418">
    <p class='ocr_par' dir='ltr' id='par_1_6' title="bbox 299 1268 974 1418">
     <span class='ocr_line' id='line_1_10' title="bbox 307 1268 914 1318; baseline -0.007 0"><span class='ocrx_word' id='word_1_38' title='bbox 307 1288 318 1318; x_wconf 82' lang='lat' dir='ltr'>s</span> <span class='ocrx_word' id='word_1_39' title='bbox 394 1272 439 1318; x_wconf 83' lang='lat' dir='ltr'>hael</span> <span class='ocrx_word' id='word_1_40' title='bbox 520 1286 558 1318; x_wconf 88' lang='lat' dir='ltr'>ece</span> <span class='ocrx_word' id='word_1_41' title='bbox 635 1287 646 1317; x_wconf 86' lang='lat' dir='ltr'>s</span> <span class='ocrx_word' id='word_1_42' title='bbox 702 1268 811 1317; x_wconf 59' lang='lat' dir='ltr'>urssmeut</span> <span class='ocrx_word' id='word_1_43' title='bbox 876 1285 914 1316; x_wconf 90' lang='lat' dir='ltr'>ece</span> 
     </span>
     <span class='ocr_line' id='line_1_11' title="bbox 299 1285 974 1418; baseline -0.009 -20"><span class='ocrx_word' id='word_1_44' title='bbox 299 1289 350 1398; x_wconf 73' lang='lat' dir='ltr'>Sit</span> <span class='ocrx_word' id='word_1_45' title='bbox 376 1335 462 1398; x_wconf 84' lang='lat' dir='ltr'>salus</span> <span class='ocrx_word' id='word_1_46' title='bbox 485 1357 600 1418; x_wconf 87' lang='lat' dir='ltr'>perpes</span> <span class='ocrx_word' id='word_1_47' title='bbox 626 1287 669 1396; x_wconf 78' lang='lat' dir='ltr'>sit</span> <span class='ocrx_word' id='word_1_48' title='bbox 686 1285 797 1394; x_wconf 78' lang='lat' dir='ltr'>Phonor</span> <span class='ocrx_word' id='word_1_49' title='bbox 823 1332 974 1415; x_wconf 88' lang='lat' dir='ltr'>perennis</span> 
     </span>
    </p>
   </div>
   <div class='ocr_carea' id='block_1_6' title="bbox 298 1433 936 1584">
    <p class='ocr_par' dir='ltr' id='par_1_7' title="bbox 298 1433 936 1584">
     <span class='ocr_line' id='line_1_12' title="bbox 307 1433 936 1498; baseline -0.011 -14"><span class='ocrx_word' id='word_1_50' title='bbox 307 1453 331 1484; x_wconf 78' lang='lat' dir='ltr'>ce</span> <span class='ocrx_word' id='word_1_51' title='bbox 341 1436 371 1498; x_wconf 66' lang='lat' dir='ltr'>pe</span> <span class='ocrx_word' id='word_1_52' title='bbox 382 1437 491 1484; x_wconf 79' lang='lat' dir='ltr'>heofonec</span> <span class='ocrx_word' id='word_1_53' title='bbox 501 1435 599 1482; x_wconf 81' lang='lat' dir='ltr'>healicra</span> <span class='ocrx_word' id='word_1_54' title='bbox 658 1435 698 1481; x_wconf 77' lang='lat' dir='ltr'>citt</span> <span class='ocrx_word' id='word_1_55' title='bbox 767 1450 796 1480; x_wconf 88' lang='lat' dir='ltr'>on</span> <span class='ocrx_word' id='word_1_56' title='bbox 808 1433 936 1495; x_wconf 74' lang='lat' dir='ltr'>heahnysse</span> 
     </span>
     <span class='ocr_line' id='line_1_13' title="bbox 298 1497 914 1584; baseline -0.011 -19"><span class='ocrx_word' id='word_1_57' title='bbox 298 1501 367 1566; x_wconf 81' lang='lat' dir='ltr'>Qui</span> <span class='ocrx_word' id='word_1_58' title='bbox 390 1500 459 1584; x_wconf 93' lang='lat' dir='ltr'>poli</span> <span class='ocrx_word' id='word_1_59' title='bbox 485 1521 609 1561; x_wconf 86' lang='lat' dir='ltr'>summa</span> <span class='ocrx_word' id='word_1_60' title='bbox 638 1498 758 1560; x_wconf 81' lang='lat' dir='ltr'><strong>residet</strong></span> <span class='ocrx_word' id='word_1_61' title='bbox 781 1497 816 1558; x_wconf 91' lang='lat' dir='ltr'>in</span> <span class='ocrx_word' id='word_1_62' title='bbox 843 1520 914 1559; x_wconf 89' lang='lat' dir='ltr'>arce</span> 
     </span>
    </p>
   </div>
   <div class='ocr_carea' id='block_1_7' title="bbox 644 1600 942 1727">
    <p class='ocr_par' dir='ltr' id='par_1_8' title="bbox 644 1600 942 1727">
     <span class='ocr_line' id='line_1_14' title="bbox 664 1600 895 1662; baseline -0.004 -15"><span class='ocrx_word' id='word_1_63' title='bbox 664 1600 740 1662; x_wconf 62' lang='lat' dir='ltr'>prylic</span> <span class='ocrx_word' id='word_1_64' title='bbox 788 1614 805 1661; x_wconf 69' lang='grc' dir='ltr'>Ἰ</span> <span class='ocrx_word' id='word_1_65' title='bbox 865 1615 895 1647; x_wconf 83' lang='lat' dir='ltr'>an</span> 
     </span>
     <span class='ocr_line' id='line_1_15' title="bbox 644 1664 942 1727; baseline 0 -1"><span class='ocrx_word' id='word_1_66' title='bbox 644 1664 764 1727; x_wconf 86' lang='lat' dir='ltr'>Trinus</span> <span class='ocrx_word' id='word_1_67' title='bbox 791 1675 824 1727; x_wconf 88' lang='lat' dir='ltr'>et</span> <span class='ocrx_word' id='word_1_68' title='bbox 848 1686 942 1726; x_wconf 90' lang='lat' dir='ltr'>unus.</span> 
     </span>
    </p>
   </div>
   <div class='ocr_carea' id='block_1_8' title="bbox 861 1766 978 1829">
    <p class='ocr_par' dir='ltr' id='par_1_9' title="bbox 861 1766 978 1829">
     <span class='ocr_line' id='line_1_16' title="bbox 861 1766 978 1829; baseline 0 0"><span class='ocrx_word' id='word_1_69' title='bbox 861 1766 978 1829; x_wconf 86' lang='lat' dir='ltr'>Amen.</span> 
     </span>
    </p>
   </div>
   <div class='ocr_carea' id='block_1_9' title="bbox 254 2107 1173 2201">
    <p class='ocr_par' dir='ltr' id='par_1_10' title="bbox 254 2107 1173 2201">
     <span class='ocr_line' id='line_1_17' title="bbox 254 2107 1173 2201; baseline -0.008 -12"><span class='ocrx_word' id='word_1_70' title='bbox 254 2124 421 2189; x_wconf 78' lang='lat' dir='ltr'>YMNus</span> <span class='ocrx_word' id='word_1_71' title='bbox 454 2124 506 2201; x_wconf 79' lang='lat' dir='ltr'>IN</span> <span class='ocrx_word' id='word_1_72' title='bbox 538 2107 666 2186; x_wconf 58' lang='lat' dir='ltr'><strong>Lxxa.</strong></span> <span class='ocrx_word' id='word_1_73' title='bbox 697 2124 732 2184; x_wconf 68' lang='lat' dir='ltr'>u</span> <span class='ocrx_word' id='word_1_74' title='bbox 754 2133 809 2197; x_wconf 66' lang='lat' dir='ltr'>ec,</span> <span class='ocrx_word' id='word_1_75' title='bbox 837 2121 890 2184; x_wconf 77' lang='lat' dir='ltr'>iu</span> <span class='ocrx_word' id='word_1_76' title='bbox 922 2120 1173 2184; x_wconf 66' lang='lat' dir='ltr'>culusum</span> 
     </span>
    </p>
   </div>
   <div class='ocr_carea' id='block_1_10' title="bbox 593 2222 860 2288">
    <p class='ocr_par' dir='ltr' id='par_1_11' title="bbox 593 2222 860 2288">
     <span class='ocr_line' id='line_1_18' title="bbox 593 2222 860 2288; baseline 0 -1"><span class='ocrx_word' id='word_1_77' title='bbox 593 2222 860 2288; x_wconf 81' lang='lat' dir='ltr'><strong>ALLELUIA.¹</strong></span> 
     </span>
    </p>
   </div>
   <div class='ocr_carea' id='block_1_11' title="bbox 472 2398 910 2526">
    <p class='ocr_par' dir='ltr' id='par_1_12' title="bbox 472 2398 910 2526">
     <span class='ocr_line' id='line_1_19' title="bbox 667 2398 873 2461; baseline -0.005 -17"><span class='ocrx_word' id='word_1_78' title='bbox 667 2398 756 2461; x_wconf 84' lang='lat' dir='ltr'>myrige</span> <span class='ocrx_word' id='word_1_79' title='bbox 821 2398 873 2459; x_wconf 66' lang='lat' dir='ltr'>leoli</span> 
     </span>
     <span class='ocr_line' id='line_1_20' title="bbox 472 2461 910 2526; baseline -0.011 0"><span class='ocrx_word' id='word_1_80' title='bbox 472 2462 635 2526; x_wconf 70' lang='lat' dir='ltr'>Alleluia²</span> <span class='ocrx_word' id='word_1_81' title='bbox 659 2461 752 2525; x_wconf 84' lang='lat' dir='ltr'>dulce</span> <span class='ocrx_word' id='word_1_82' title='bbox 784 2484 910 2525; x_wconf 84' lang='lat' dir='ltr'>carmen</span> 
     </span>
    </p>
   </div>
   <div class='ocr_carea' id='block_1_12' title="bbox 428 2565 818 2712">
    <p class='ocr_par' dir='ltr' id='par_1_13' title="bbox 428 2565 818 2712">
     <span class='ocr_line' id='line_1_21' title="bbox 433 2565 804 2626; baseline 0.003 -16"><span class='ocrx_word' id='word_1_83' title='bbox 433 2565 522 2626; x_wconf 69' lang='lat' dir='ltr'>*lstefn</span> <span class='ocrx_word' id='word_1_84' title='bbox 593 2580 631 2612; x_wconf 89' lang='lat' dir='ltr'>ece</span> <span class='ocrx_word' id='word_1_85' title='bbox 723 2566 804 2626; x_wconf 82' lang='lat' dir='ltr'>gefean</span> 
     </span>
     <span class='ocr_line' id='line_1_22' title="bbox 428 2628 818 2712; baseline -0.005 -21"><span class='ocrx_word' id='word_1_86' title='bbox 428 2629 506 2691; x_wconf 88' lang='lat' dir='ltr'>Vox</span> <span class='ocrx_word' id='word_1_87' title='bbox 530 2628 681 2712; x_wconf 89' lang='lat' dir='ltr'>perennis</span> <span class='ocrx_word' id='word_1_88' title='bbox 707 2628 818 2711; x_wconf 84' lang='lat' dir='ltr'>gaudii</span> 
     </span>
    </p>
   </div>
   <div class='ocr_carea' id='block_1_13' title="bbox 427 2730 800 2856">
    <p class='ocr_par' dir='ltr' id='par_1_14' title="bbox 427 2730 800 2856">
     <span class='ocr_line' id='line_1_23' title="bbox 616 2730 798 2792; baseline 0 -16"><span class='ocrx_word' id='word_1_89' title='bbox 616 2730 650 2777; x_wconf 86' lang='lat' dir='ltr'>lof</span> <span class='ocrx_word' id='word_1_90' title='bbox 696 2743 798 2792; x_wconf 75' lang='lat' dir='ltr'>pyncum</span> 
     </span>
     <span class='ocr_line' id='line_1_24' title="bbox 427 2793 800 2856; baseline 0.003 -1"><span class='ocrx_word' id='word_1_91' title='bbox 427 2793 573 2856; x_wconf 88' lang='lat' dir='ltr'>Alleluia</span> <span class='ocrx_word' id='word_1_92' title='bbox 596 2793 667 2856; x_wconf 82' lang='lat' dir='ltr'>laus</span> <span class='ocrx_word' id='word_1_93' title='bbox 694 2795 800 2856; x_wconf 84' lang='lat' dir='ltr'>suavis</span> 
     </span>
    </p>
   </div>
   <div class='ocr_carea' id='block_1_14' title="bbox 427 2896 818 3022">
    <p class='ocr_par' dir='ltr' id='par_1_15' title="bbox 427 2896 818 3022">
     <span class='ocr_line' id='line_1_25' title="bbox 443 2896 805 2958; baseline 0.003 -16"><span class='ocrx_word' id='word_1_94' title='bbox 443 2911 472 2955; x_wconf 77' lang='lat' dir='ltr'>ys</span> <span class='ocrx_word' id='word_1_95' title='bbox 513 2897 622 2958; x_wconf 74' lang='lat' dir='ltr'>pecodum</span> <span class='ocrx_word' id='word_1_96' title='bbox 655 2896 805 2943; x_wconf 87' lang='lat' dir='ltr'>hcofonlicum</span> 
     </span>
     <span class='ocr_line' id='line_1_26' title="bbox 427 2959 818 3022; baseline -0.003 -1"><span class='ocrx_word' id='word_1_97' title='bbox 427 2959 488 3021; x_wconf 84' lang='lat' dir='ltr'>Est</span> <span class='ocrx_word' id='word_1_98' title='bbox 516 2960 621 3021; x_wconf 89' lang='lat' dir='ltr'>choris</span> <span class='ocrx_word' id='word_1_99' title='bbox 646 2960 818 3022; x_wconf 85' lang='lat' dir='ltr'>celestibus</span> 
     </span>
    </p>
   </div>
   <div class='ocr_carea' id='block_1_15' title="bbox 428 3059 982 3189">
    <p class='ocr_par' dir='ltr' id='par_1_16' title="bbox 428 3059 982 3189">
     <span class='ocr_line' id='line_1_27' title="bbox 459 3059 955 3122; baseline -0.004 -15"><span class='ocrx_word' id='word_1_100' title='bbox 459 3065 526 3122; x_wconf 67' lang='lat' dir='ltr'>paene</span> <span class='ocrx_word' id='word_1_101' title='bbox 598 3060 677 3120; x_wconf 62' lang='lat' dir='ltr'>singap</span> <span class='ocrx_word' id='word_1_102' title='bbox 722 3060 792 3122; x_wconf 79' lang='lat' dir='ltr'>godes</span> <span class='ocrx_word' id='word_1_103' title='bbox 825 3059 955 3120; x_wconf 82' lang='lat' dir='ltr'>punigende</span> 
     </span>
     <span class='ocr_line' id='line_1_28' title="bbox 428 3123 982 3189; baseline -0.005 -2"><span class='ocrx_word' id='word_1_104' title='bbox 428 3123 559 3189; x_wconf 81' lang='lat' dir='ltr'>Quem³</span> <span class='ocrx_word' id='word_1_105' title='bbox 582 3133 703 3185; x_wconf 89' lang='lat' dir='ltr'>canunt</span> <span class='ocrx_word' id='word_1_106' title='bbox 726 3123 789 3184; x_wconf 89' lang='lat' dir='ltr'>Dei</span> <span class='ocrx_word' id='word_1_107' title='bbox 816 3134 982 3185; x_wconf 87' lang='lat' dir='ltr'>manentes</span> 
     </span>
    </p>
   </div>
   <div class='ocr_carea' id='block_1_16' title="bbox 427 3222 814 3372">
    <p class='ocr_par' dir='ltr' id='par_1_17' title="bbox 427 3222 814 3372">
     <span class='ocr_line' id='line_1_29' title="bbox 430 3222 798 3287; baseline -0.003 -16"><span class='ocrx_word' id='word_1_108' title='bbox 430 3241 458 3271; x_wconf 88' lang='lat' dir='ltr'>cn</span> <span class='ocrx_word' id='word_1_109' title='bbox 508 3224 566 3272; x_wconf 81' lang='lat' dir='ltr'>huse</span> <span class='ocrx_word' id='word_1_110' title='bbox 606 3222 690 3287; x_wconf 74' lang='lat' dir='ltr'>geond&#39;</span> <span class='ocrx_word' id='word_1_111' title='bbox 701 3225 798 3286; x_wconf 78' lang='lat' dir='ltr'>porulda</span> 
     </span>
     <span class='ocr_line' id='line_1_30' title="bbox 427 3287 814 3372; baseline 0.003 -21"><span class='ocrx_word' id='word_1_112' title='bbox 427 3287 467 3351; x_wconf 91' lang='lat' dir='ltr'>In</span> <span class='ocrx_word' id='word_1_113' title='bbox 494 3289 589 3351; x_wconf 89' lang='lat' dir='ltr'><strong>domo</strong></span> <span class='ocrx_word' id='word_1_114' title='bbox 616 3312 674 3372; x_wconf 87' lang='lat' dir='ltr'>per</span> <span class='ocrx_word' id='word_1_115' title='bbox 697 3289 814 3352; x_wconf 88' lang='lat' dir='ltr'>secula.</span> 
     </span>
    </p>
   </div>
   <div class='ocr_carea' id='block_1_17' title="bbox 426 3408 853 3863">
    <p class='ocr_par' dir='ltr' id='par_1_18' title="bbox 426 3408 853 3863">
     <span class='ocr_line' id='line_1_31' title="bbox 655 3408 835 3470; baseline 0 -14"><span class='ocrx_word' id='word_1_116' title='bbox 655 3408 717 3470; x_wconf 66' lang='lat' dir='ltr'>blibe</span> <span class='ocrx_word' id='word_1_117' title='bbox 761 3416 835 3456; x_wconf 81' lang='lat' dir='ltr'>mater</span> 
     </span>
     <span class='ocr_line' id='line_1_32' title="bbox 469 3471 853 3546; baseline 0.008 -14"><span class='ocrx_word' id='word_1_118' title='bbox 469 3471 635 3533; x_wconf 76' lang='lat' dir='ltr'>Alleluia⁴</span> <span class='ocrx_word' id='word_1_119' title='bbox 658 3472 724 3546; x_wconf 78' lang='lat' dir='ltr'>leta</span> <span class='ocrx_word' id='word_1_120' title='bbox 751 3485 853 3536; x_wconf 86' lang='lat' dir='ltr'>mater</span> 
     </span>
     <span class='ocr_line' id='line_1_33' title="bbox 431 3550 686 3634; baseline 0.008 -15"><span class='ocrx_word' id='word_1_121' title='bbox 431 3579 605 3634; x_wconf 56' lang='lat' dir='ltr'>cester-getiam</span> <span class='ocrx_word' id='word_1_122' title='bbox 675 3550 686 3579; x_wconf 51' lang='lat' dir='ltr'>l</span> 
     </span>
     <span class='ocr_line' id='line_1_34' title="bbox 426 3635 826 3700; baseline 0.005 -2"><span class='ocrx_word' id='word_1_123' title='bbox 426 3635 576 3699; x_wconf 86' lang='lat' dir='ltr'>Concivis</span> <span class='ocrx_word' id='word_1_124' title='bbox 600 3636 826 3700; x_wconf 81' lang='lat' dir='ltr'>Hierusalem⁵</span> 
     </span>
     <span class='ocr_line' id='line_1_35' title="bbox 598 3736 783 3797; baseline 0 -14"><span class='ocrx_word' id='word_1_125' title='bbox 598 3736 659 3784; x_wconf 79' lang='lat' dir='ltr'>stein</span> <span class='ocrx_word' id='word_1_126' title='bbox 716 3738 783 3797; x_wconf 59' lang='lat' dir='ltr'>pinta</span> 
     </span>
     <span class='ocr_line' id='line_1_36' title="bbox 426 3799 816 3863; baseline 0 -1"><span class='ocrx_word' id='word_1_127' title='bbox 426 3799 572 3863; x_wconf 86' lang='lat' dir='ltr'>Alleluia</span> <span class='ocrx_word' id='word_1_128' title='bbox 596 3824 661 3863; x_wconf 87' lang='lat' dir='ltr'>vox</span> <span class='ocrx_word' id='word_1_129' title='bbox 686 3811 816 3863; x_wconf 85' lang='lat' dir='ltr'>tuorum</span> 
     </span>
    </p>
   </div>
   <div class='ocr_carea' id='block_1_18' title="bbox 241 4013 1217 4199">
    <p class='ocr_par' dir='ltr' id='par_1_19' title="bbox 241 4013 1217 4199">
     <span class='ocr_line' id='line_1_37' title="bbox 242 4013 1208 4072; baseline 0.001 -9"><span class='ocrx_word' id='word_1_130' title='bbox 242 4018 248 4046; x_wconf 86' lang='lat'><strong>¹</strong></span> <span class='ocrx_word' id='word_1_131' title='bbox 267 4015 369 4064; x_wconf 78' lang='lat' dir='ltr'>Durhcm</span> <span class='ocrx_word' id='word_1_132' title='bbox 380 4013 444 4070; x_wconf 71' lang='lat' dir='ltr'>Ms„</span> <span class='ocrx_word' id='word_1_133' title='bbox 454 4013 493 4061; x_wconf 85' lang='lat' dir='ltr'>fol.</span> <span class='ocrx_word' id='word_1_134' title='bbox 504 4014 532 4059; x_wconf 88' lang='lat'>16</span> <span class='ocrx_word' id='word_1_135' title='bbox 541 4015 565 4061; x_wconf 87' lang='lat' dir='ltr'>b.</span> <span class='ocrx_word' id='word_1_136' title='bbox 771 4014 780 4042; x_wconf 88' lang='lat'><strong>⁴</strong></span> <span class='ocrx_word' id='word_1_137' title='bbox 799 4016 899 4070; x_wconf 79' lang='lat' dir='ltr'>Scilicet,</span> <span class='ocrx_word' id='word_1_138' title='bbox 911 4019 1012 4072; x_wconf 79' lang='lat' dir='ltr'>‘nostra‚</span> <span class='ocrx_word' id='word_1_139' title='bbox 1022 4017 1166 4064; x_wconf 55' lang='grc' dir='ltr'>ποθ-ΜΒ.</span> <span class='ocrx_word' id='word_1_140' title='bbox 1179 4019 1208 4064; x_wconf 91' lang='lat' dir='ltr'>D.</span> 
     </span>
     <span class='ocr_line' id='line_1_38' title="bbox 241 4077 1217 4142; baseline -0.007 -13"><span class='ocrx_word' id='word_1_141' title='bbox 241 4082 251 4111; x_wconf 82' lang='lat'>²</span> <span class='ocrx_word' id='word_1_142' title='bbox 267 4080 366 4137; x_wconf 83' lang='lat' dir='ltr'>Scilicet,</span> <span class='ocrx_word' id='word_1_143' title='bbox 377 4079 383 4102; x_wconf 78' lang='lat'><em>⁶</em></span> <span class='ocrx_word' id='word_1_144' title='bbox 393 4085 437 4133; x_wconf 80' lang='lat' dir='ltr'>est,</span> <span class='ocrx_word' id='word_1_145' title='bbox 446 4077 580 4139; x_wconf 61' lang='lat' dir='ltr'><strong><em>ysff-Ms.</em></strong></span> <span class='ocrx_word' id='word_1_146' title='bbox 592 4078 621 4124; x_wconf 90' lang='lat' dir='ltr'>D.</span> <span class='ocrx_word' id='word_1_147' title='bbox 772 4078 782 4106; x_wconf 75' lang='lat'>⁵</span> <span class='ocrx_word' id='word_1_148' title='bbox 799 4079 898 4135; x_wconf 85' lang='lat' dir='ltr'>Scilicet,</span> <span class='ocrx_word' id='word_1_149' title='bbox 916 4084 974 4140; x_wconf 67' lang='lat' dir='ltr'>‘que</span> <span class='ocrx_word' id='word_1_150' title='bbox 1001 4089 1036 4126; x_wconf 80' lang='lat' dir='ltr'>est</span> <span class='ocrx_word' id='word_1_151' title='bbox 1064 4084 1217 4142; x_wconf 62' lang='lat' dir='ltr'>superne:-</span> 
     </span>
     <span class='ocr_line' id='line_1_39' title="bbox 241 4142 835 4199; baseline -0.005 -6"><span class='ocrx_word' id='word_1_152' title='bbox 241 4145 251 4175; x_wconf 85' lang='lat'><strong>³</strong></span> <span class='ocrx_word' id='word_1_153' title='bbox 268 4144 367 4199; x_wconf 79' lang='lat' dir='ltr'>Scilicet,</span> <span class='ocrx_word' id='word_1_154' title='bbox 377 4142 588 4190; x_wconf 77' lang='lat' dir='ltr'>‘alleluia.&#39;-MS.</span> <span class='ocrx_word' id='word_1_155' title='bbox 601 4143 631 4189; x_wconf 88' lang='lat' dir='ltr'>D.</span> <span class='ocrx_word' id='word_1_156' title='bbox 740 4142 795 4189; x_wconf 87' lang='lat' dir='ltr'>MS.</span> <span class='ocrx_word' id='word_1_157' title='bbox 806 4144 835 4191; x_wconf 89' lang='lat' dir='ltr'>D.</span> 
     </span>
    </p>
   </div>
   <div class='ocr_carea' id='block_1_19' title="bbox 0 0 1452 4844">
    <p class='ocr_par' dir='ltr' id='par_1_20' title="bbox 0 0 1452 4844">
     <span class='ocr_line' id='line_1_40' title="bbox 0 0 1452 4844; baseline 0 0"><span class='ocrx_word' id='word_1_158' title='bbox 0 0 1452 4844; x_wconf 95' lang='lat' dir='ltr'> </span> 
     </span>
    </p>
   </div>
  </div>
 </body>
</html>
