2896 4844
469 461 717 506 nuato-snxon
745 463 973 507 nrnnnaruu.
1181 445 1219 509 41

432 599 552 663 Multis
578 601 682 664 modis
706 613 739 664 et
762 601 917 685 Spiritus

430 701 509 764 Rex
534 703 692 787 mysticus
717 703 910 788 agnosceris.

473 804 617 889 Fragiles
639 826 732 868 carne
755 804 905 887 conspice

430 905 523 973 Quos
544 905 599 969 ille
621 905 866 990 antiquissimus

433 1007 509 1070 Suis
532 1007 661 1092 decepit
683 1007 810 1072 artibus

431 1109 522 1172 Tuis·
535 1110 626 1173 trahe
648 1111 836 1175 virtutibus.

472 1211 567 1275 Grex
593 1223 669 1277 tuus
696 1213 758 1277 tibi
783 1212 913 1277 deditus

428 1313 506 1378 Non
532 1326 682 1381 teneatur
708 1315 843 1380 crimine

428 1416 537 1482 Quem
561 1426 621 1482 tuo
644 1417 773 1480 Christe
799 1416 955 1500 sanguine

428 1517 575 1582 Voluisti
601 1518 770 1583 redimere.

473 1617 559 1682 Oves
585 1630 727 1683 errantes
751 1619 884 1704 previde

429 1720 545 1784 Pastor
570 1721 656 1784 bone
679 1721 824 1807 piissime

336 1839 339 1846 '
427 1822 483 1886 Ad
506 1822 613 1887 aulam
639 1823 842 1888 celsitudinis

427 1924 509 1988 Tuis
534 1935 666 2011 reporta
691 1925 845 1990 humeris.

472 2026 668 2091 Tabefactus
692 2036 726 2090 et
751 2025 880 2090 saucius

425 2129 592 2194 Abscedat
616 2130 767 2213 princeps
791 2130 965 2192 demonum

426 2230 548 2296 Perdat
572 2231 705 2316 predam
733 2231 772 2294 de
799 2230 950 2295 faucibus

426 2332 494 2395 Fur
519 2332 705 2418 inportunis
731 2331 874 2397 rabidus.

466 2434 609 2498 Exultet
632 2434 780 2498 Christus
803 2435 965 2499 Dominus

426 2536 549 2601 Psallat
571 2537 688 2601 chorus
712 2537 877 2622 angelicus

424 2639 553 2704 Laudes
576 2662 690 2704 sonans
714 2640 749 2703 in
775 2663 895 2724 organo

425 2740 489 2805 Ter
512 2752 642 2806 sanctus
668 2741 756 2806 dicat
778 2741 933 2805 Domino.

466 2843 614 2907 Gloriam
640 2844 703 2908 tibi
728 2844 867 2908 dicimus

424 2944 522 3008 Pater
548 2968 614 3008 una
640 2968 714 3009 cum
738 2945 825 3009 Filio

423 3045 529 3109 Simul
555 3069 630 3110 cum
655 3046 774 3110 Sancto
798 3046 925 3131 Spiritu

422 3146 463 3209 In
490 3147 575 3210 trina
600 3146 697 3211 laude
723 3152 899 3231 personet.¹

400 3380 568 3445 YMNUS
600 3381 666 3445 AD
697 3381 1024 3452 ΜΑΤΠΤΙΝΑΜ.9

463 3540 537 3604 gehyr
558 3541 634 3589 decla
645 3541 783 3604 pualyaend
837 3542 913 3604 leode

463 3605 554 3668 Audi
576 3605 778 3689 Redemptor
803 3608 951 3691 gentium

425 3706 649 3770 μῦμα-11111111
690 3708 757 3756 aldor

421 3771 549 3835 Natalis
575 3772 626 3834 tui
651 3723 789 3855 gloriam

637 3873 734 3938 anagn
779 3875 815 3923 aa
834 3877 893 3940 gons

342 4022 347 4031 .
420 3937 591 4001 Bethleem
614 3961 762 4023 egressus
787 3963 806 4003 a
828 3940 901 4004 Deo

543 4055 675 4103 geeaouung
700 4042 817 4090 maedenes

422 4103 532 4200 Marip
555 4116 668 4189 partus
691 4106 835 4190 virginis.

1058 4329 1081 4371 G
