2896 4844
633 471 812 515 APPENDIX
836 472 880 515 ΤΟ

513 610 597 673 Cum
621 634 714 675 mane
738 622 884 674 nostrum
910 611 1071 674 cernimus

470 713 607 777 Redisse
631 713 725 776 victis
751 714 879 777 ostibus

470 815 658 901 Mundique
684 814 804 878 luxum
830 816 1028 900 tempnimus

470 917 592 980 Panem
618 916 733 979 salutis
757 917 924 981 sumimus.

515 1017 589 1114 Hpc
613 1016 697 1080 alma
721 1018 764 1081 sit
787 1018 1012 1102 sollempnitas

473 1118 526 1182 Sit
551 1118 635 1181 clara
656 1118 715 1183 hec
739 1118 900 1184 festivitas

475 1220 527 1284 Sit
553 1218 670 1282 feriata
692 1220 819 1304 gaudiis

472 1323 553 1386 Dies
579 1323 714 1386 reducta
737 1324 778 1386 ab
804 1324 930 1389 inferis.

560 1423 677 1486 Gloria
699 1424 777 1488 Tibi
799 1424 954 1491 Domine.

407 1731 586 1796 ¹Inventor
612 1734 706 1797 rutili
730 1735 801 1797 dux
827 1734 913 1797 bone
937 1733 1069 1797 luminis

385 1834 455 1901 Qui
481 1834 579 1899 certis
601 1835 728 1898 vicibus
752 1847 900 1919 tempora
923 1834 1040 1899 dividis

384 1937 495 2000 Merso
521 1935 588 1998 sole
612 1937 708 1999 chaos
733 1935 859 2019 ingruit
882 1935 1051 2000 horridum

385 2036 509 2101 Lucem
532 2035 632 2099 redde
656 2036 724 2099 tuis
747 2035 877 2100 Christe
902 2036 1065 2101 fidelibus.

433 2136 590 2204 Quamvis
614 2136 783 2202 innumero
810 2139 914 2202 sidere
937 2136 1059 2220 regiam

384 2239 574 2323 Lunarique
600 2239 714 2324 polum
738 2240 883 2324 lampade
906 2238 1051 2323 pinxeris

384 2340 523 2425 Inpulsu
549 2340 648 2404 silicis
673 2341 797 2404 lumina
821 2364 881 2406 nos
907 2353 1014 2405 tamen

385 2444 573 2506 Monstrans
599 2440 753 2522 saxigeno
778 2443 898 2505 semine
925 2463 1073 2524 querere.

426 2544 479 2607 Ne
503 2541 642 2605 nesciret
667 2542 764 2607 homo
788 2566 877 2627 spem
901 2542 963 2607 sibi
987 2541 1121 2605 luminis

382 2645 423 2709 In
447 2643 569 2708 Christi
596 2644 699 2707 solido
724 2667 858 2730 corpore
884 2644 1047 2708 conditam

385 2747 454 2813 Qui
477 2745 540 2809 diei
567 2744 716 2808 stabilem
743 2768 775 2808 se
797 2746 903 2810 voluit
926 2755 1053 2830 petram

385 2848 515 2911 Nostris
538 2846 691 2930 igniculis
716 2847 803 2912 unde
829 2869 932 2932 genus
953 2846 1054 2910 venit.

430 2950 588 3034 Pinguis²
604 2973 688 3034 quos
713 2952 776 3015 olei
802 2974 874 3015 rore
898 2949 1105 3015 madentibus

385 3051 519 3115 Lichnis
542 3074 579 3114 ao
604 3051 732 3117 facibus
758 3053 918 3137 pascimus
942 3050 1042 3114 aridis

383 3153 478 3221 Quin
502 3162 537 3215 et
559 3152 616 3216 fila
638 3153 719 3217 favis
742 3155 866 3238 scirpea
889 3154 998 3217 floreis

384 3255 500 3318 Presso
525 3253 623 3317 melle
645 3255 737 3337 prius
763 3256 874 3319 collita
896 3255 1061 3337 fingimus.

431 3354 556 3437 [Vivax
580 3354 709 3416 flamma
730 3356 817 3438 viget
841 3378 900 3418 ceu
926 3378 1002 3419 cava
1028 3356 1149 3420 testula

386 3457 527 3520 Suoeum
556 3454 694 3518 linteolo
717 3457 862 3537 suggerit
888 3457 978 3519 ebrio

387 3558 453 3621 Seu
476 3558 572 3642 pinus
599 3557 722 3641 piceam
747 3557 813 3621 fert
838 3557 1023 3621 alimoniam

387 3660 454 3724 Seu
480 3683 585 3724 ceram
609 3669 745 3724 teretem
771 3670 891 3742 stuppa
914 3660 1021 3724 calens
1045 3661 1141 3724 bibit.

430 3763 612 3848 splendent
637 3785 714 3846 ergo
741 3761 808 3824 tuis
833 3763 1023 3826 muneribus
1047 3762 1145 3824 Pater

387 3864 540 3928 Flammis
565 3864 742 3927 mobilibus
766 3862 891 3926 scilicet
916 3863 1000 3926 atria

291 4145 297 4174 ¹
316 4142 378 4191 coti.
390 4141 443 4189 MS.
456 4141 526 4201 Vesp.
539 4139 570 4186 D.
581 4139 623 4187 xii.
635 4138 675 4186 111.
686 4139 729 4186 121
740 4140 763 4186 b.
862 4138 872 4167 ²
889 4139 994 4202 Linguis,
1004 4140 1058 4187 MS.
1071 4140 1102 4185 V.
